1427 2460
231 109 301 144 322
703 103 884 137 Omcnms

235 199 414 237 dicuntur,
443 195 508 229 nisi
537 194 571 228 in
596 203 762 239 quantum
787 194 912 229 sentire
938 207 1025 239 puer
1047 195 1178 240 potuit,
1210 204 1377 240 exspecta-

235 274 322 296 mus.
369 258 407 293 Si
429 270 511 291 vero
537 257 594 301 qui
619 256 774 301 loquitur
796 255 847 289 vir
871 265 935 296 est,
969 256 1134 290 continuo
1166 258 1374 304 contempla-

236 336 325 362 mur,
348 320 375 354 si
398 319 471 353 viro
497 318 598 361 digna
621 327 709 358 sunt,
734 331 821 363 quae
844 317 1014 352 dicuntur.
1072 317 1119 352 Et
1141 333 1255 353 rursus
1277 320 1305 353 si
1328 319 1378 352 vir

236 385 294 417 ille
324 381 476 416 eruditus
503 380 564 419 sit,
594 380 654 424 qui
686 379 785 420 dicit,
822 392 888 424 pro
922 380 1120 414 er·1ditionis
1152 379 1223 427 ejus
1253 380 1377 414 intuitu

237 447 339 480 etiam
364 444 455 478 dicta
478 455 670 488 pensamus.
707 442 744 475 Si
769 454 850 476 vero
875 441 924 474 vir
948 442 1086 487 quidem
1106 443 1166 476 ille
1189 453 1246 483 est,
1267 443 1378 488 impe-

236 508 319 542 ritus
349 517 466 540 tamen
499 514 531 538 ct
561 503 705 544 idiotes.
745 504 842 537 aliter
871 517 959 549 quae
991 505 1150 539 dicuntur
1181 505 1378 550 accipimus.

236 569 293 603 Sic
321 569 400 602 item
425 567 452 600 si
474 566 517 601 sit
539 566 669 606 senior,
696 565 755 610 qui
777 565 949 611 loquitur,
981 577 1013 600 et
1034 568 1161 601 multae
1185 580 1224 601 ac
1248 567 1377 613 proba-

235 641 289 664 tae
325 629 485 675 peritiae,
526 638 645 674 utpote
691 627 750 673 qui
790 628 824 661 in
869 629 1119 663 eruditionibus
1153 627 1380 667 consenuerit,

235 694 336 735 longe
367 690 479 737 major
507 689 543 724 in
576 703 617 724 eo
643 689 814 723 dictorum
839 690 1022 724 habebitur
1047 690 1258 736 exspectatio.
1306 689 1378 722 Cur

234 764 348 789 autem
372 753 435 787 ista
457 751 743 798 praemiserimus,
765 750 943 785 historiam
966 752 1181 787 haereditatis
1195 753 1321 786 Ruben
1345 760 1377 784 et
1426 771 1427 787 ἢ

242 815 321 850 Gad
347 824 381 848 et
403 813 565 847 dimidiae
588 813 695 847 tribus
719 814 877 847 Manasse
909 826 1080 859 exponere
1109 815 1278 854 volentes,
1317 826 1378 847 au-

239 878 357 912 sculta.
407 875 479 921 Qui
502 875 584 909 haec
608 885 697 918 gesta
715 885 847 915 narrat,
872 888 958 920 quae
982 876 1135 918 legimus,
1158 889 1270 921 neque
1292 887 1380 920 puer

234 949 299 980 est,
333 939 468 983 qualem
500 951 603 983 supra
635 937 890 982 descripsimus,
921 951 1036 983 neque
1064 940 1116 972 vir
1145 939 1218 972 talis
1246 937 1377 983 aliquis,

232 1014 346 1047 neque
375 1000 507 1040 senior,
537 1013 602 1033 nec
635 1000 780 1034 omnino
813 1000 932 1044 aliquis
957 1000 1064 1033 homo
1089 1009 1155 1035 est:
1190 1008 1222 1033 et
1243 1009 1281 1032 ut
1305 1012 1377 1032 am-

233 1063 322 1109 plius
346 1062 477 1107 aliquid
501 1060 630 1102 dicam,
660 1075 723 1095 nec
749 1062 947 1104 angelorum
972 1062 1112 1107 aliquis,
1136 1071 1194 1096 aut
1215 1063 1376 1096 virtutum

234 1124 433 1158 coelestium
456 1133 515 1164 est,
537 1124 608 1164 sed,
633 1123 718 1157 sicut
740 1122 880 1157 traditio
904 1122 1076 1170 majorum
1098 1133 1208 1163 tenet,
1231 1122 1377 1169 Spiritus

233 1196 369 1221 sanctus
405 1186 491 1219 haec
527 1194 651 1219 narrat.
720 1185 824 1218 Unde
860 1185 950 1219 enim
984 1195 1118 1231 poterat
1151 1179 1288 1226 Moses,
1324 1186 1375 1218 vel

235 1261 324 1294 quae
361 1249 403 1281 ab
442 1245 573 1289 origine
607 1247 730 1280 mundi
764 1256 852 1289 gesta
889 1256 985 1288 sunt,
1031 1248 1084 1281 vel
1122 1260 1210 1293 quae
1239 1247 1277 1280 in
1307 1247 1376 1280 fine

233 1310 304 1357 ejus
330 1319 427 1343 erant
459 1310 624 1351 gerenda,
651 1322 808 1348 narrare,
838 1310 902 1344 nisi
918 1323 981 1356 per
1011 1309 1270 1355 inspirationem
1294 1309 1374 1354 Spi-

232 1373 315 1406 ritus
341 1371 435 1405 Dei?
488 1370 594 1404 Unde
617 1371 782 1415 potuisset
811 1372 1019 1417 prophetare
1047 1374 1090 1406 de
1116 1371 1269 1412 Christo,
1309 1371 1373 1404 nisi

232 1436 396 1479 loquente
430 1433 561 1478 Spiritu
589 1431 733 1465 sancto?
782 1433 839 1466 Sic
871 1433 961 1466 enim
993 1443 1024 1467 et
1053 1432 1126 1478 ipse
1157 1433 1311 1467 Christus
1342 1432 1371 1465 ei

231 1495 464 1529 testimonium
491 1493 622 1534 reddit,
646 1503 679 1527 et
704 1493 804 1527 dicit:
835 1494 932 1539 ,‚si¹)
955 1494 1136 1528 crederetis
1159 1494 1269 1535 Mosi,
1299 1508 1372 1527 cre-

230 1556 353 1591 deretis
377 1556 495 1601 utique
519 1564 552 1588 et
574 1555 677 1598 mihi;
700 1556 743 1589 de
765 1569 821 1589 me
845 1556 936 1590 em’m
959 1556 1017 1590 ille
1041 1555 1205 1601 scripsit.“
1251 1556 1289 1590 si
1312 1569 1373 1590 au-

230 1629 298 1653 tem
321 1617 410 1652 illius
436 1617 540 1651 literis
565 1631 638 1651 non
664 1618 817 1659 creditis,
853 1620 1032 1664 quomodo
1058 1619 1141 1652 meis
1165 1618 1274 1652 verbis
1299 1631 1372 1652 cre-

230 1679 339 1715 detis?
388 1679 530 1714 Constat
562 1692 641 1722 ergo
677 1693 715 1714 ea
747 1693 811 1725 per
833 1680 999 1726 Spiritum
1023 1690 1178 1714 sanctum
1202 1681 1309 1721 dicta,
1339 1690 1372 1714 et

229 1743 308 1777 ideo
334 1742 539 1776 conveniens
562 1742 712 1782 videtur,
737 1743 823 1776 haec
845 1743 1034 1776 secundum
1060 1742 1274 1786 dignitatem,
1297 1742 1369 1777 imo

228 1804 343 1851 potius
373 1805 562 1838 secundum
591 1802 800 1850 majestatem
831 1804 1004 1850 loquentis
1037 1805 1188 1848 intessigi.
1235 1805 1306 1838 Sed
1337 1814 1370 1838 et

227 1866 315 1900 illud
339 1867 406 1900 hoc
430 1866 466 1900 in
483 1866 564 1900 loco
583 1878 776 1900 memorare
794 1866 1006 1912 aptissimum
1023 1868 1126 1908 duco,
1150 1868 1246 1912 quod
1258 1868 1369 1901 Abra—

228 1929 319 1969 ham,
345 1942 422 1962 cum
447 1927 581 1961 audiret
603 1928 701 1962 illum
724 1928 872 1968 divitem,
894 1928 1045 1974 positum
1063 1928 1099 1962 in
1113 1928 1290 1963 tormentis
1308 1943 1368 1963 ro·

228 2003 307 2033 gare
330 2004 383 2031 se,
413 1999 451 2023 ut
474 1989 718 2030 dimitteretur,
754 2000 786 2023 et
806 1990 942 2024 veniens
965 2000 1123 2024 moneret
1144 1991 1264 2024 fratres
1286 2004 1365 2025 suos

226 2051 283 2096 pie
313 2051 441 2092 vivere,
473 2065 518 2085 ne
549 2061 582 2085 et
612 2052 677 2097 ipsi
706 2051 740 2084 in
764 2053 881 2085 locum
904 2053 1002 2086 illum
1027 2053 1273 2086 descenderent
1294 2061 1365 2085 tor-

226 2123 441 2153 mentorum,
466 2113 643 2158 respondit
667 2115 716 2156 ei,
751 2113 831 2158 quia
855 2115 1003 2155 „hahent
1015 2114 1052 2158 ²)
1076 2114 1203 2147 Mosen
1228 2123 1260 2147 et
1280 2126 1364 2158 pro-

225 2174 358 2219 phetas:
397 2175 537 2220 audiant
575 2174 685 2208 illos.“
750 2175 830 2208 Non
873 2175 990 2220 utique
1031 2174 1187 2209 homines
1233 2174 1364 2219 aliquos

321 2284 355 2327 ι)
380 2284 441 2318 Ev.
465 2285 590 2320 som.
616 2286 659 2327 v,
682 2286 735 2321 46.
831 2287 868 2331 2)
891 2288 972 2322 Luc.
998 2286 1093 2329 XVI,
1116 2275 1170 2322 29.
