1427 2460
376 88 414 112 m
436 77 614 111 Nummos
638 75 798 108 ΗοΜιιιΔ
814 73 875 107 XI.
1140 73 1204 107 101

71 172 128 205 det
150 182 286 212 agrum,
317 168 369 201 vel
393 167 544 206 vineam,
568 166 620 198 vel
645 164 822 203 olivetum,
853 163 904 196 vel
929 162 1028 195 etiam
1052 161 1202 201 hortum,

70 242 103 265 et
125 232 153 265 si
177 230 259 276 quid
284 238 341 269 est,
363 227 459 273 quod
483 235 656 260 exercetur
677 225 713 258 in
737 225 843 265 terris,
866 225 925 257 sed
950 232 982 256 et
1002 223 1029 257 si
1053 223 1125 268 quis
1140 235 1202 266 pe·

71 293 159 326 culia
190 290 420 336 cujuscunque
461 287 596 333 pecoris
634 286 780 328 nutriat,
820 286 944 319 offerat
979 297 1017 318 ex
1046 284 1086 318 iis
1123 284 1200 316 Deo

73 366 192 392 omne,
225 351 318 396 quod
348 348 500 395 primum
536 357 601 388 est,
631 348 667 382 id
693 357 755 388 est,
780 348 824 380 ad
847 347 1039 380 sacerdotes
1063 346 1201 379 deferat.

71 415 148 448 Deo
173 412 264 446 enim
288 412 409 445 offerri
433 409 524 451 dicit,
549 410 644 454 quod
663 408 896 443 sacerdotibus
921 409 1029 441 datur.
1066 407 1110 440 Et
1133 407 1200 439 hoe

70 483 127 514 est,
151 474 245 518 quod
271 474 437 507 docemur
461 485 499 505 ex
523 472 605 514 lege,
629 470 706 516 quia
731 482 833 503 nemo
858 468 948 502 licite
967 482 1032 502 nec
1054 467 1203 511 legitime

70 543 184 568 utatur
206 533 388 572 fructibus,
424 546 511 577 quos
541 542 629 566 terra
661 530 843 577 produxit,
876 543 940 563 nec
965 529 1202 568 animantibus,

70 608 157 641 quae
179 596 351 640 pecudum
375 594 521 639 protulit
545 603 678 638 partus,
702 592 766 627 nisi
791 605 830 625 ex
852 591 989 635 singulis
1011 589 1203 635 quibusque

70 657 148 689 Deo
172 655 350 701 primitiae,
372 656 408 689 id
434 664 490 695 est,
514 655 748 689 sacerdotibus
773 654 972 687 offerantur.
1008 652 1106 684 Hanc
1122 663 1200 692 ergo

68 719 176 760 legem
202 716 373 751 observari
397 717 496 750 etiain
512 716 701 749 secundum
720 715 862 754 literam,
884 715 970 748 sicut
986 723 1017 746 et
1034 713 1098 747 alia
1113 724 1202 744 non—

70 780 175 818 nulla,
198 779 424 812 necessarium
447 788 542 823 puto.
591 777 679 810 Sunt
696 777 785 810 enim
808 777 979 821 aliquanta
1000 773 1080 817 legis
1104 786 1201 806 man-

71 842 160 880 data,
185 852 270 885 quae
295 840 395 872 etiam
418 839 499 872 novi
522 838 713 872 testamenti
740 837 898 882 discipuli
922 834 1107 871 necessaria
1139 835 1202 866 ob—

17 932 18 935 ,
68 901 258 935 servatione
281 901 485 933 custodiunt.
543 900 589 933 Et
616 899 643 932 si
677 899 825 939 videtur,
860 898 954 944 prius
986 899 1029 931 de
1052 896 1091 930 iis
1113 894 1204 940 ipsis,

70 975 157 1008 quae
179 961 214 995 in
239 963 311 1004 lege
334 961 473 1006 quidem
496 962 629 1006 scripta,
653 962 712 994 sed
735 970 849 994 tamen
872 961 908 994 in
923 958 1113 1001 Evangeliis
1139 957 1203 990 ob-

15 1057 19 1066 ,
71 1024 233 1057 servanda
266 1022 349 1061 sint,
377 1036 491 1056 sermo
523 1031 718 1055 moveatur:
750 1032 783 1055 et
816 1035 893 1055 cum
918 1022 1001 1054 haec
1024 1018 1204 1065 patuerint,

71 1095 152 1118 tunc
182 1083 252 1129 jam
280 1083 364 1128 quid
399 1082 434 1116 in
465 1082 505 1116 iis
541 1083 640 1116 etiam
676 1083 896 1128 spiritualiter
927 1081 1041 1116 sentiri
1073 1081 1205 1117 debeat,

71 1145 291 1190 requiremus.
345 1145 434 1177 Sunt
457 1143 547 1177 enim
574 1144 632 1188 qui
656 1143 702 1176 ita
727 1144 859 1184 dicant,
893 1144 988 1188 quia,
1023 1143 1050 1175 si
1075 1138 1203 1184 aliquid

75 1206 218 1240 omnino
235 1205 268 1249 ¹)
299 1205 549 1239 observandum
575 1214 622 1238 est
653 1206 843 1238 secundum
867 1204 1017 1243 literam,
1049 1215 1110 1235 eur
1131 1194 1203 1234 non
1229 1189 1233 1193 ι

73 1276 106 1300 et
129 1276 250 1299 cuncta
272 1265 470 1300 serventur?
518 1266 557 1299 Si
590 1279 669 1298 vero
704 1267 746 1299 ad
775 1265 983 1310 spiritualem
1012 1262 1203 1305 intelligen-

72 1327 163 1367 tiam,
188 1340 274 1371 quae
298 1328 350 1360 lex
375 1327 536 1367 continet,
559 1327 735 1360 referenda
759 1335 853 1367 sunt,
877 1326 961 1358 nihil
987 1325 1129 1358 omniuo
1153 1336 1204 1356 se-

17 1377 19 1432 :
71 1389 223 1422 cundum
247 1387 390 1428 literam,
412 1388 472 1421 sed
494 1386 712 1432 spiritualiter
728 1387 855 1419 debent
871 1385 1025 1419 universa
1048 1384 1203 1418 discerni.

70 1450 143 1482 Nos
167 1458 279 1481 autem
303 1448 481 1493 utriusque
507 1448 698 1482 assertionis
727 1446 943 1482 insolentiam
966 1454 1204 1491 temperantes,

72 1509 180 1556 qualis
204 1510 318 1552 regula
341 1509 376 1543 iu
402 1508 639 1555 hujuscemodi
664 1508 744 1552 Iegis
762 1508 976 1543 sermonibus
993 1507 1205 1541 observanda

71 1573 122 1612 sit,
146 1584 184 1604 ex
208 1569 409 1604 auctoritate
434 1570 623 1604 divinarum
648 1570 893 1616 scripturarum
918 1571 1074 1615 proferre
1096 1578 1205 1601 tenta-

71 1633 195 1666 bimus.
241 1631 413 1677 Scriptum
446 1642 493 1666 est
523 1632 559 1666 in
590 1642 710 1666 octavo
735 1633 870 1665 decimo
901 1633 1052 1676 psalmo:
1082 1631 1154 1670 „lex
1166 1628 1204 1671 ²)

72 1693 218 1727 Domini
242 1694 558 1738 irreprehensibilis,
583 1704 794 1728 converteres
811 1694 950 1732 animas,
973 1689 1203 1725 testimonium

74 1753 267 1799 Domini³)
291 1756 392 1788 fidele
421 1755 619 1801 sapientiam
650 1766 822 1800 praestans
853 1752 1009 1799 parvulis.
1062 1751 1205 1783 Praece-

74 1825 173 1861 ptum
197 1815 342 1849 Domini
371 1816 523 1849 lucidum
559 1817 753 1850 illuminans
785 1817 915 1849 oculos.
977 1813 1100 1846 Timor
1130 1811 1204 1843 Do-

74 1876 158 1910 mini
194 1886 319 1917 castus,
349 1890 552 1921 permanens
582 1877 618 1911 in
656 1878 829 1912 saeculum
858 1875 995 1911 saeculi.
1053 1872 1207 1906 Justitiae

75 1937 361 1971 Dominirectae
392 1938 609 1972 laetificantes
642 1940 763 1972 corda:
797 1937 923 1984 judicia
953 1931 1098 1968 Domini
1128 1946 1205 1966 vera

75 1997 252 2043 justificata
282 1998 318 2031 in
348 2009 453 2033 semet
488 2000 579 2045 ipsa,
619 1998 854 2034 desiderabilia
891 2010 993 2043 super
1023 2009 1144 2030 aurum
1175 2005 1206 2028 et

108 2143 115 2150 ·
163 2097 207 2149 ¹¹)
232 2098 362 2150 annes
388 2100 498 2133 Codd.
522 2099 602 2135 Mss.
625 2082 760 2146 (itemq.
793 2100 869 2134 edd.
893 2099 978 2144 M.):
1010 2097 1206 2140 „omuino.“

78 2143 172 2178 lerl
196 2145 296 2176 edm:
320 2145 517 2184 „domino.“
545 2146 582 2179 R.

171 2199 209 2242 ²)
234 2198 355 2234 Psalm.
379 2201 474 2241 XIX,
499 2203 635 2237 7—10.
660 2202 824 2247 (XVlll.)

173 2255 211 2298 ³)
234 2254 320 2289 Edd.
345 2257 501 2290 Meu-lini:
527 2257 601 2291 Dei.
