1427 2460
328 88 364 112 m
389 78 567 112 Nummos
589 71 749 110 HommA
777 75 906 111 XXIII.
1116 77 1182 113 281

9 165 17 198 ¹⁶
53 169 320 209 observationes,
351 166 457 213 qualis
485 166 606 200 debeat
637 179 705 200 esse
731 166 924 201 Christiano
955 168 1087 202 sabbati
1119 170 1182 201 ob-

8 255 11 258 «
53 232 208 272 servatio,
231 230 411 265 videamus.
458 228 527 261 Die
556 228 685 262 sabbati
706 228 791 262 nihi!
818 242 854 261 ex
881 228 1038 263 omnibus
1061 230 1182 263 mundi

8 327 10 332 ,
52 292 180 327 actibus
217 299 353 337 oportet
383 290 527 335 operari.
591 289 628 322 Si
658 303 736 332 ergo
777 290 906 325 desinas
944 292 986 325 ab
1024 293 1182 327 omnibus

8 367 10 370 ’
52 354 280 390 saecularibus
306 351 478 398 operibus,
503 361 534 385 et
557 351 642 385 nihil
666 352 879 385 mundanum
903 366 1009 395 geras»,
1033 355 1091 387 sed
1114 354 1183 399 spi-

4 424 9 462 3'
50 416 227 449 ritualibus
253 414 412 460 operibus
438 427 551 453 vaces,
577 413 620 446 ad
642 413 816 446 ecclesiam
839 415 1033 454 convenias,
1066 416 1182 449 lectio-

3 472 7 517 ζ
50 476 151 510 nibus
176 476 295 510 divinis
320 486 352 510 et
375 476 571 509 tractatibus
598 487 713 507 aurem
738 475 918 519 praebeas,
949 485 981 509 et
1005 477 1047 510 de
1072 478 1184 511 coele-

0 566 1 570 ,
49 539 156 572 stibus
177 537 310 580 cogites,
335 539 377 571 dc
398 539 511 571 futura
525 549 583 581 spe
598 535 861 570 sollicitudinem
877 550 979 580 geras,
1003 547 1183 572 venturum

1 636 7 641 ,ι
48 599 214 646 judicium
238 612 320 644 prae
346 599 454 633 oculis
480 599 620 636 habeas,
652 610 724 630 non
749 597 904 643 respicias
928 600 972 632 ad
995 600 1183 644 praesentia

51 670 84 695 et
106 661 265 702 visibilia,
296 662 355 695 sed
380 662 422 694 ad
446 660 624 694 invisibilia
649 668 682 691 et
711 660 842 702 futura,
873 660 956 694 haec
987 670 1035 694 est
1065 662 1182 695 obser-

50 723 138 756 vatio
171 723 302 756 sabbati
330 713 523 755 Christiani.
571 721 640 755 Sed
671 721 754 754 haec
786 730 819 755 et
850 721 975 754 Judaei
1005 723 1185 756 observare

51 784 222 816 deberent.
271 783 429 828 Denique
455 783 554 817 etiam
581 783 674 827 apud
694 782 784 827 ipsos
805 783 833 816 si
848 783 955 823 faber,
977 783 1004 817 si
1025 793 1183 826 structor,

53 853 85 877 et
105 843 132 877 si
158 844 230 888 quis
255 843 452 890 hujusmodi
477 845 639 889 opificum
663 844 782 884 fuerit,
815 843 939 877 otiatur
968 845 1005 878 in
1030 845 1084 878 die
1107 848 1184 880 sab-

50 905 130 939 bati.
177 905 299 938 Lector
323 915 435 939 autem
459 906 539 949 legis
564 905 714 946 divinae,
743 905 796 939 vel
821 906 943 939 doctor
967 919 1038 940 non
1064 907 1185 942 desinit

52 968 95 1000 ab
121 980 225 1013 opere
246 981 328 1008 suo,
361 977 393 1001 et
421 978 535 1001 tamen
565 968 743 1001 sabbatum
776 980 849 1001 non
880 970 1105 1002 contaminat:
1137 969 1184 1002 sic

52 1028 141 1062 enim
173 1039 205 1063 et
226 1030 399 1063 Dominus
431 1043 526 1063 meus
559 1029 642 1062 dicit
673 1029 715 1062 ad
749 1041 822 1062 eos:
854 1029 980 1074 „aut¹)
1006 1043 1078 1064 non
1102 1031 1183 1073 legi-

51 1090 124 1131 stis,
154 1090 232 1135 quia
265 1101 297 1124 et
325 1092 518 1124 sacerdotes
550 1090 585 1124 in
615 1091 744 1135 templo
769 1091 946 1123 sabbatum
979 1090 1120 1132 violant,
1154 1101 1185 1125 ct

52 1151 124 1185 sine
148 1151 289 1185 crimine
312 1151 443 1186 sunt?“
489 1151 560 1195 Qui
580 1164 659 1194 ergo
682 1160 783 1185 cessat
804 1152 846 1184 ab
871 1151 1031 1196 operibus
1049 1154 1185 1194 saeculi,

52 1222 85 1245 et
105 1213 335 1258 spiritualibus
358 1223 466 1253 vacat,
497 1214 558 1247 iste
582 1223 645 1254 est,
675 1214 734 1258 qui
757 1212 957 1246 sacrificium
982 1214 1129 1256 sabbati,
1153 1224 1185 1248 et

54 1274 143 1307 diem
176 1276 297 1309 festum
330 1275 395 1317 agit
425 1276 657 1308 sabbatorum.
715 1275 836 1318 Neque
869 1287 972 1307 onera
1004 1285 1118 1320 portat
1148 1277 1184 1310 in

50 1335 114 1369 via.
180 1336 277 1370 Onus
315 1337 405 1370 enim
441 1346 489 1370 est
520 1349 623 1369 omne
661 1345 855 1380 peccatum,
893 1338 1183 1380 quemadmodum

53 1396 135 1431 dicit
159 1406 190 1435 ct
214 1397 399 1442 propheta:
423 1397 577 1441 „sicut²)
600 1410 686 1430 onus
711 1410 808 1440 grave
825 1407 979 1439 gravatae
993 1409 1070 1432 sunt
1084 1413 1186 1444 super

51 1462 140 1492 me.“
184 1460 304 1504 Neque
327 1458 439 1502 ignem
462 1458 630 1492 accendit:
654 1460 751 1492 illum
772 1458 896 1492 scilicet
912 1458 1034 1501 ignem,
1059 1462 1100 1494 de
1115 1474 1184 1506 quo

55 1520 197 1554 dicitur:
221 1520 334 1566 „ite-²³)
357 1521 392 1554 in
416 1520 545 1554 lumine
567 1520 652 1562 ignis
671 1520 779 1561 vestri,
805 1529 837 1553 ct
859 1520 893 1553 in
912 1521 1058 1561 flamma,
1083 1536 1185 1567 quam

54 1582 283 1616 accendistis.“
329 1582 369 1615 In
399 1582 541 1615 sabbato
575 1582 805 1627 unusquisque
829 1583 921 1616 sedet
952 1584 1081 1627 loc04)
1113 1598 1186 1624 suo,

55 1652 88 1677 et
116 1657 190 1677 non
217 1644 374 1689 procedit
409 1656 447 1677 ex
479 1656 529 1676 eo.
577 1643 663 1687 Quis
697 1656 775 1685 ergo
811 1653 856 1678 est
886 1642 982 1678 locus
1006 1644 1186 1689 spiritualis

55 1704 212 1739 animae?
270 1705 403 1739 Justitia
440 1714 486 1738 est
520 1706 615 1738 locus
652 1704 739 1750 ejus,
777 1715 808 1738 et
844 1705 979 1745 veritas,
1014 1706 1186 1750 sapientia,

55 1766 283 1807 sanctificatio,
311 1776 342 1799 et
365 1766 480 1799 omnia
505 1779 590 1810 quae
605 1765 755 1800 Christus
780 1776 836 1806 est,
859 1768 952 1800 locus
977 1766 1108 1800 animae
1128 1777 1184 1802 est.

56 1828 108 1862 Ex
143 1841 211 1873 quo
249 1829 328 1861 loco
361 1841 434 1861 eam
467 1841 537 1860 non
571 1836 707 1872 oportet
740 1828 844 1867 exire,
873 1838 909 1861 ut
941 1842 1015 1861 vera
1045 1830 1185 1862 sabbata

59 1889 238 1930 custodiat,
262 1899 294 1922 et
318 1889 408 1922 diem
433 1890 553 1922 festum
577 1888 612 1921 in
636 1888 804 1922 sacrificiis
829 1889 933 1932 exigat
947 1891 1184 1923 sabbatorum:

151 2035 185 2080 ¹)
212 2035 281 2068 Csr.
307 2048 352 2068 cv.
377 2035 502 2067 Joann.
526 2034 600 2073 Vll,
623 2035 677 2067 22.
694 2054 732 2060 —
748 2035 890 2068 Sensum
912 2016 1038 2079 spectes
1059 2035 1183 2068 horum

57 2081 252 2118 verborum,
275 2093 346 2113 non
371 2080 473 2111 verba
496 2079 577 2124 ipsa.
617 2078 656 2112 R.

150 2136 188 2179 ²)
211 2136 336 2170 Psalm.
356 2135 554 2174 XXXVIII,
577 2136 607 2168 5.

152 2191 188 2235 ³)
212 2192 311 2224 Jesai.
337 2191 373 2231 L,
399 2193 450 2227 11.

151 2246 187 2292 ⁴)
210 2248 301 2284 Edd,
324 2247 481 2280 Merlini:
506 2246 541 2279 in
565 2247 643 2280 loco
669 2260 743 2280 suo.
