1427 2460
407 63 443 87 m
468 53 646 85 Nummos
672 50 830 83 HoMmA
851 50 923 83 ΧΠ.
1171 50 1237 85 135

92 144 165 191 pria
191 145 384 185 designant,
421 154 535 174 rerum
568 140 674 182 magis
697 139 914 187 mysticarum
944 139 1235 183 consequentiam,

94 219 195 251 quam
210 201 455 238 ‘vocabulorum
471 202 734 248 appellationem
749 200 904 234 videntur
918 201 1105 234 ostendere.
1123 200 1232 240 „Pro-

93 267 221 310 fecti¹)
245 265 356 306 enim,
391 264 521 308 inquit,
553 277 571 296 a
609 273 733 309 puteo,
764 262 905 295 veniunt
928 261 963 294 in
988 262 1233 296 Mathanaim.“

89 322 336 372 'Interpretatur
366 325 456 358 enim
487 324 698 359 Mathanaim
730 337 873 357 munera
905 323 1070 368 ipsorum.
1127 322 1230 356 Vides

93 402 190 431 ergo,
225 387 304 432 quia
328 387 355 420 si
379 385 453 431 quis
477 387 520 419 de
544 395 649 431 puteo
674 387 741 420 hoc
765 385 908 426 biberit,
942 397 1045 429 quem
1069 385 1232 417 foderunt

90 463 183 492 reges
209 459 240 482 et
262 448 453 494 principes,
474 448 585 483 statim
609 448 747 494 proficit
771 448 815 480 ad
839 447 925 487 hoc,
947 454 986 478 ut
1007 446 1132 478 habeat
1155 458 1232 479 mu-

90 525 184 550 nera,
208 524 295 556 quae
321 512 451 550 offerat
484 511 572 544 Deo.
633 510 728 554 Quid
754 518 867 543 autem
892 517 956 547 est,
997 507 1093 552 quod
1123 507 1230 540 homo

90 574 215 607 offerat
243 560 348 606 beo?
395 573 472 606 Hoc
502 573 631 618 ipsum,
666 572 762 616 quod
792 571 828 603 in
857 570 932 611 lege
964 569 1127 613 scriptum
1163 578 1230 602 est:

89 648 253 675 „munera
267 635 304 679 ²)
330 638 443 672 mea,“
468 635 536 667 hoc
561 643 630 674 est,
656 634 733 666 data
758 644 843 665 mea.
890 630 940 663 Ex
964 630 1002 665 iis
1029 643 1121 672 ergo,
1145 644 1233 675 quae

87 696 184 730 Deus
208 696 321 739 dedit,
360 697 511 733 offerunt
544 694 768 728 nihilominus
801 693 956 727 homines
987 693 1077 726 Deo.
1136 687 1229 735 Quid

90 757 182 790 dedit
206 758 300 791 Deus
325 756 483 790 homini?
532 756 752 798 Agnitionem
783 755 843 790 sui.
891 754 987 798 Quid
1020 768 1099 798 ergo
1126 754 1230 788 offert

88 818 195 852 Deo?
232 820 355 852 Fidem
385 831 480 852 suam
513 828 546 851 et
577 819 748 851 affectum.
796 817 874 850 Hoc
899 825 964 857 est,
989 818 1082 862 quod
1109 815 1230 860 espetit

88 882 131 913 ab
155 881 297 913 homine
319 881 424 913 Deus.
473 880 634 924 Denique
657 879 705 913 ita
732 879 897 923 scriptum
923 888 988 911 est:
1012 878 1113 922 „et³)
1138 891 1229 910 nunc

88 942 190 976 Israel
213 941 297 987 quid
322 951 386 983 est,
426 943 522 986 quod
546 941 721 974 Dominus
751 942 846 974 Deus
872 949 948 973 tuus
971 939 1081 986 poscit
1104 941 1164 972 abs
1187 948 1230 979 te,

88 1003 152 1037 nisi
175 1013 211 1036 ut
235 1003 353 1037 timeas
377 1002 570 1036 Dominum
595 1004 709 1036 Deum
734 1013 863 1048 tuum„
886 1011 920 1035 et
942 1001 1079 1034 incedas
1110 1000 1146 1034 in
1171 1001 1229 1033 viis

89 1064 170 1109 ejus,
193 1074 225 1098 et
246 1065 365 1106 diligas
391 1079 490 1105 eum,
515 1074 547 1097 et
572 1065 741 1098 custodias
768 1064 883 1097 onmia
907 1064 1065 1097 mandata
1091 1061 1173 1107 ejus,
1198 1071 1227 1094 et

89 1125 213 1158 servias
236 1126 392 1159 Domino
424 1126 502 1159 Deo
540 1136 600 1159 tuo
626 1140 664 1159 ex
690 1135 762 1159 toto
789 1126 894 1159 corde
917 1134 998 1165 tuo,
1040 1133 1072 1157 et
1096 1137 1134 1156 ex
1157 1132 1228 1156 tota

89 1186 201 1220 anima
226 1186 331 1220 tua?“
378 1187 441 1221 Ista
466 1196 543 1220 sunt
567 1201 727 1227 munera,
758 1189 816 1220 ista
843 1189 952 1225 dona,
986 1199 1072 1230 quae
1095 1194 1229 1230 oportet

89 1248 246 1281 Domino
273 1237 355 1281 dari.
404 1249 536 1282 Damus
561 1258 674 1282 autem
699 1250 781 1282 haec
806 1248 963 1282 Domino
988 1248 1100 1280 cordis
1123 1248 1228 1281 nostri

87 1323 243 1351 munera,
269 1305 491 1354 posteaquam
518 1310 754 1352 agnoverimus
780 1323 877 1349 eum,
914 1319 945 1342 et
969 1309 1142 1351 agnitione
1165 1310 1228 1341 bo-

87 1370 199 1404 nitatis
223 1370 294 1416 ejus
317 1372 360 1404 de
384 1371 477 1416 putei
512 1372 583 1416 ejus
613 1371 792 1404 altitudine
822 1370 1020 1404 biberimus.
1076 1370 1227 1403 Observa

86 1443 216 1472 tamen,
249 1434 428 1477 quomodo
468 1433 589 1467 dixerit
619 1433 807 1478 prophetat
853 1431 954 1476 „et⁴¹)
974 1419 1085 1465 'nunc
1116 1432 1231 1471 Israel,

88 1493 171 1539 quid
195 1494 368 1527 Dominus
394 1495 488 1528 Deus
513 1505 591 1528 tuus
614 1495 726 1539 poscit
751 1496 811 1528 abs
834 1504 867 1528 te
877 1494 913 1527 ?“
944 1494 1158 1527 Erubescant
1180 1493 1229 1527 illi

87 1557 170 1589 baec
196 1557 317 1595 verba,
354 1556 461 1601 qui⁵)
493 1566 619 1598 negant
650 1557 686 1589 iu
719 1556 870 1589 hominis
903 1555 1043 1588 arbitrio
1069 1567 1157 1596 esse,
1194 1564 1231 1588 ut

87 1617 243 1651 salvetur.
282 1606 492 1662 *Quomodo
516 1628 673 1663 posceret
696 1620 738 1652 ab
764 1618 905 1651 homine
930 1618 1042 1658 Deus,
1073 1617 1136 1650 nisi
1168 1618 1228 1649 ha·-

90 1679 186 1711 beret
210 1680 317 1712 homo
342 1679 378 1712 in
402 1693 462 1713 sua
487 1690 662 1725 potestate,
689 1681 782 1725 quod
808 1679 963 1726 poscenti
988 1679 1066 1711 Deo
1092 1678 1230 1711 deberet

90 1739 237 1772 offerre?
286 1740 374 1774 Sunt
403 1755 502 1785 ergo,
540 1756 628 1786 quae
651 1743 775 1775 dantur
799 1757 816 1776 a
843 1742 939 1781 Deo,
966 1751 998 1774 et
1021 1750 1119 1780 sunt,
1143 1753 1229 1784 quae

88 1803 299 1845 praebentur
323 1803 365 1835 ab
391 1802 540 1836 homine.
588 1804 691 1836 Verbi
717 1803 837 1845 g'ratia,
871 1803 904 1836 in
933 1803 1074 1836 homine,
1097 1802 1170 1841 fuit,
1193 1811 1231 1834 ut

89 1877 157 1895 una
182 1863 312 1907 mut-1⁶)
343 1864 469 1897 faceret
499 1865 617 1897 decem
649 1878 765 1904 mnas,
803 1874 861 1897 aut
893 1877 961 1897 una
993 1877 1072 1897 mna
1105 1864 1228 1896 faceret

184 1968 231 2029 1>=
247 1985 317 2020 cfr.
343 1988 445 2020 Num.
470 1987 565 2027 ΧΧι,
590 1986 642 2021 18.
737 1988 775 2031 2)
800 1987 870 2020 cfr.
897 1987 996 2020 Num.
1022 1986 1096 2020 xv.

183 2042 221 2084 ³)
245 2043 347 2076 nem.
373 2044 417 2082 x,
443 2044 495 2076 12.
593 2042 629 2086 ⁴²>
655 2042 759 2079 Dent.
784 2043 828 2084 x,
853 2044 906 2077 12.

186 2097 222 2139 ⁵)
248 2098 304 2131 Sic
331 2112 448 2132 omnes
472 2099 552 2132 Mss.
578 2099 669 2131 Libri
698 2110 810 2133 autem
836 2099 916 2134 editi
940 2101 988 2144 (V.
1005 2113 1033 2132 c.
1050 2100 1126 2135 edd.
1147 2093 1228 2139 Μ.);

92 2142 176 2220 „qu‘i1
208 2144 398 2221 uegantRin
435 2145 576 2177 homine
612 2157 679 2178 esse
715 2146 861 2179 liberum
893 2144 1082 2178 arbitrium.
1131 2143 1229 2186 Quo<

94 2199 151 2220 mo
181 2192 221 2219 οιι
247 2198 306 2221 etc.
367 2215 371 2221 .

187 2244 223 2285 ἦ)
247 2244 327 2278 Luc.
354 2245 450 2284 XIX,
476 2246 529 2280 12.
554 2259 644 2290 seqq.
