1427 2460
27 87 30 94 .

14 96 30 156 5!

382 67 418 90 m
442 57 620 89 Nummos
652 52 813 85 HownuA
832 53 874 84 X.
1163 50 1209 85 95

73 151 295 184 dicaremur.“
329 147 412 181 Post
435 146 518 179 haec
533 153 646 177 autem
665 156 738 176 non
760 142 829 188 jam
857 141 979 175 delicta
999 141 1154 181 moralia,
1171 141 1205 184 ¹)

15 214 22 248 ἂ
71 213 130 246 sed
153 211 234 244 fidei
255 211 291 243 in
310 208 350 242 iis
373 208 500 241 crimen
524 214 705 248 exaggerat.
740 203 797 236 Ait
822 202 930 236 enim:
953 204 1154 248 „quomodo
1168 202 1205 247 2)

71 273 190 306 dicunt
220 271 307 305 inter
336 283 397 303 vos
427 269 583 314 quidam,
619 268 714 312 quod
745 264 947 299 resurrectio
987 274 1205 298 mortuorum

70 348 143 368 non
165 333 251 368 sit?“
292 333 337 366 Et
361 332 502 365 iterum:
527 329 623 373 „si3)
647 338 760 362 autem
786 326 938 360 Christus
960 340 1033 359 non
1056 339 1206 360 resurre-

69 396 125 436 xit,
147 408 230 428 vana
254 403 303 428 est
332 394 417 427 fides
444 402 561 426 vestra.
618 392 741 424 Adhuc
780 389 870 423 enim
901 388 976 422 estis
1000 389 1034 422 in
1058 387 1206 433 peccatis

69 456 214 490 vestris.“
267 456 423 498 Longum
458 467 567 499 porro
602 464 665 494 est,
699 466 763 486 nec
793 450 962 497 praesenti
1002 449 1206 483 conveniens

18 516 20 522 ’
66 517 223 564 tempori,
248 528 285 551 ut
307 516 454 563 plurima
479 519 521 551 de
544 515 582 549 iis
604 514 796 549 testimonia
819 513 1048 558 proferamus,
1082 511 1206 555 quibus

68 580 250 624 probetur,
270 580 366 624 quod
390 579 424 619 ii,
448 580 506 623 qui
519 577 625 611 sancti
642 577 811 615 dicuntur,
833 588 905 607 non
923 573 1088 606 continuo
1105 573 1205 606 etiarn

67 641 138 674 sine
175 650 315 685 peccato
349 654 418 674 esse
447 640 694 682 intelligantur:
724 639 783 672 sed
814 637 897 669 haec
928 635 1112 680 opinentur
1145 634 1205 674 illi,

69 701 126 747 qui
148 703 319 747 scripturis
351 702 472 736 divinis
494 715 568 735 non
601 699 761 739 sollicite,
791 711 855 731 nec
886 697 1064 740 diligenter
1093 697 1204 729 inten-

69 764 170 797 dunt:
202 764 237 797 in
272 763 393 808 quibus
423 764 550 797 multae
581 776 650 796 esse
683 759 896 794 differentiae
922 769 1118 793 sanctorum
1139 759 1204 791 do-

69 835 197 865 centur,
220 825 306 860 sicut
328 839 347 858 a
370 825 470 859 nobis
495 834 527 858 et
550 824 585 857 in
610 823 681 857 aliis
705 822 900 856 tractatibus
918 821 1052 867 plenius
1077 820 1204 854 dictum

68 896 125 923 est.
171 887 240 921 Sed
265 897 296 921 et
318 901 410 920 nunc
435 896 601 932 quantum
624 887 719 919 locus
743 883 895 928 requirit,
919 884 1080 918 dicemus.
1117 883 1204 916 San—

67 948 111 982 cti
135 949 296 982 dicuntur
317 949 490 993 iidemque
513 958 545 981 et
574 956 769 992 peccatores
791 946 860 985 illi,
897 945 955 989 qui
983 959 1018 979 se
1040 954 1205 978 voverunt

68 1009 205 1053 quidem
229 1010 318 1051 Deo,
345 1020 376 1043 et
397 1018 689 1055 sequestraverunt
711 1022 728 1041 a
753 1008 843 1049 vulgi
874 1007 1132 1041 conversatione
1154 1007 1205 1040 vi-

66 1080 135 1104 tam
157 1085 253 1105 suam
277 1072 320 1105 ad
344 1073 421 1112 hoc,
444 1081 482 1105 ut
505 1071 662 1104 Domino
685 1071 839 1104 serviant.
894 1069 1101 1116 Hujusmodi
1124 1081 1204 1110 ergo

68 1133 175 1166 homo
199 1135 385 1167 secundum
409 1135 494 1173 hoc,
525 1133 619 1177 quod
650 1145 684 1165 se
708 1132 825 1165 ceteris
847 1131 976 1164 actibus
1000 1130 1205 1176 circumcisis

68 1193 225 1227 Domino
249 1194 470 1239 mancipavit,
500 1203 633 1227 sanctus
657 1193 790 1227 dicitur.
842 1193 960 1226 Potest
984 1201 1097 1226 autern
1120 1192 1205 1233 fieri,

68 1263 106 1287 ut
127 1255 163 1287 in
187 1256 253 1288 hoc
277 1255 371 1300 ipso,
406 1256 500 1300 quod
524 1254 679 1288 Domino
712 1255 872 1295 deservit,
901 1268 974 1288 non
1010 1255 1056 1288 ita
1087 1255 1203 1288 omnia

67 1324 170 1356 gerat,
192 1325 230 1348 ut
253 1317 322 1359 geri
347 1316 519 1361 competit,
542 1318 601 1350 sed
622 1317 796 1361 delinquat
811 1318 846 1350 in
859 1316 1043 1356 nonnullis,
1069 1325 1100 1348 et
1122 1328 1204 1360 pec-

68 1385 129 1409 cet.
177 1377 273 1411 Sicut
297 1377 386 1411 enim
411 1378 448 1417 is,
473 1379 531 1423 qui
555 1387 741 1423 sequestrat
753 1391 798 1418 se,
823 1387 854 1411 et
867 1387 1016 1420 segregat
1029 1378 1071 1410 ab
1091 1378 1202 1412 omni-

67 1439 130 1471 hus
152 1439 300 1480 actibus,
328 1449 365 1473 ut
389 1440 621 1485 disciplinam,
646 1439 739 1473 verbi
762 1440 884 1482 gratia,
913 1439 1122 1479 medicinae,
1147 1449 1204 1471 aut

67 1499 306 1546 philosophiae
331 1512 567 1546 consequatur,
590 1515 661 1535 non
685 1502 804 1546 utique
818 1500 994 1541 continuo,
1018 1510 1056 1534 ut
1079 1514 1114 1534 se
1138 1501 1201 1533 hu-

65 1559 215 1606 jusmodi
236 1562 413 1596 tradiderit
447 1562 645 1608 disciplinis,
683 1563 728 1597 ita
752 1565 921 1609 perfectus
947 1563 1028 1605 erit,
1062 1572 1099 1596 ut
1129 1576 1202 1595 non

65 1620 256 1656 inveniatur
278 1624 315 1656 in
338 1624 453 1668 aliquo
477 1638 634 1669 peccare:
668 1625 738 1658 imo
768 1625 884 1670 potius
913 1626 1060 1670 plurima
1094 1624 1225 1657 delia-⁷

67 1684 225 1727 quendo,
257 1684 309 1718 vix
333 1687 377 1719 ad
402 1687 648 1731 perfectionem
675 1687 858 1732 aliquando
883 1687 1073 1732 perveniet:
1099 1695 1131 1719 et
1153 1695 1204 1718 ta-

65 1757 146 1778 men
169 1745 290 1787 statim,
313 1756 351 1780 ut
374 1760 409 1781 se
433 1748 476 1781 ad
499 1747 697 1794 hujusmodi
719 1750 852 1782 scholas
881 1748 1038 1789 tradidit,
1073 1757 1203 1781 certum

67 1815 115 1840 est
137 1819 215 1840 eum
239 1810 290 1841 vel
313 1810 401 1842 inter
423 1809 594 1850 medicos,
630 1811 681 1843 vel
713 1810 801 1844 inter
823 1811 1050 1856 philosophos
1080 1821 1203 1842 nume-

66 1866 151 1900 rari:
175 1866 220 1901 ita
246 1877 277 1901 et
296 1870 339 1902 de
360 1870 480 1904 sanctis
505 1872 743 1916 accipiendum
767 1881 831 1912 est,
863 1873 959 1916 quod
993 1869 1103 1904 statim
1128 1869 1202 1915 qui-

67 1929 166 1969 dem,
204 1938 243 1963 ut
264 1931 437 1977 mancipat
459 1945 494 1966 se
527 1933 600 1977 quis
630 1932 747 1968 studiis
780 1933 978 1973 sanctitatis,
1012 1932 1202 1966 secundum

66 1989 151 2032 hoc,
181 1993 276 2036 quod
306 1994 498 2039 proposuit,
527 2004 661 2029 sanctus
695 1994 944 2040 appelletur.⁴²)
1004 1995 1202 2028 Secundum

161 2130 196 2174 ¹)
223 2130 310 2164 Cod.
334 2133 546 2168 Belvacensis
569 2133 703 2180 (itemq.
724 2135 804 2172 edd.
825 2134 912 2178 M.):
935 2132 1145 2175 ‚‚m0rtalia.“
1162 2131 1205 2166 R.

158 2184 195 2229 ²)
219 2185 235 2217 I
261 2186 342 2224 Cor.
363 2189 441 2230 XV,
465 2190 518 2224 12.
613 2191 652 2233 3)
675 2191 691 2223 1
719 2189 799 2224 Cor.
824 2191 902 2232 XV,
925 2190 980 2225 17.

158 2241 195 2285 ⁴²)
218 2243 307 2277 Edd.
332 2245 489 2280 Merlini:
513 2247 714 2292 appellatur.
