1427 2460
224 119 292 155 356
707 116 886 149 Omenms

231 210 373 245 terrenis
403 217 434 242 et
463 207 589 241 infimis
625 204 795 251 separatio
833 205 873 239 sit
905 214 936 238 et
972 203 1142 238 discretio.
1191 203 1371 239 Crescente

230 283 379 315 namque
402 269 576 304 intellectu
601 269 751 308 animae,
782 276 814 300 et
837 267 956 300 notitia
982 266 1011 300 ei
1037 267 1245 300 excelsorum
1268 280 1368 312 prae·

232 334 342 372 betur,
374 341 407 364 et
447 329 613 377 judicium
654 330 764 370 datur,
804 341 873 373 quo
905 329 987 362 sciat
1001 328 1048 373 ¹),
1084 341 1102 361 a
1126 328 1373 373 temporalibus
1388 326 1398 366 'j

233 403 368 427 aeterna
391 392 605 432 intercidere,
631 401 663 425 et
685 404 704 424 a
728 390 900 436 perpetuis
924 391 1053 424 caduca
1077 403 1245 436 separare.
1290 390 1375 424 Post
1392 387 1399 423 ’ᾗ

233 457 317 489 haec
342 454 475 488 venitur
496 455 625 493 Lebna,
661 453 756 498 quod
792 452 1034 497 interpretatur
1065 453 1246 490 dealbatio,
1294 451 1402 486 Scio'>

234 518 269 551 in
295 517 366 550 aliis
396 515 651 550 dealbationem
686 513 902 559 culpabiliter
935 513 1030 558 poni,
1062 523 1101 547 ut
1137 528 1215 547 cum
1252 513 1388 548 dicitur'

234 579 343 625 paries
368 578 554 617 dealbatus,
580 586 612 609 et
637 586 859 609 monumenta
872 576 910 619 ²)
935 576 1101 609 dealbata.
1127 576 1264 609 sedhic
1283 575 1394 609 deal-‘

234 641 327 674 batio
351 640 409 673 illa
435 648 492 680 est,
518 639 560 672 de
585 652 649 683 qua
677 637 757 670 dicit
788 637 975 682 propheta:
1016 636 1212 681 ‚,lav.-.bis³)
1246 650 1312 677 me,
1344 646 1407 669 et

234 716 336 748 super
372 702 484 735 nivem
516 700 735 733 dealbabor.“
781 698 826 731 Et
854 699 978 732 iterum
1008 697 1141 733 Esaias:
1171 699 1220 740 „si
1233 697 1270 742 ⁴)
1302 699 1410 732 fue-st

237 765 305 798 rint
327 773 467 809 peccata
491 772 597 797 vestra
622 763 706 796 sicut
729 759 963 806 phoenicium,
993 770 1030 794 ut
1053 760 1165 794 nivem
1197 761 1392 801 dealbabo‚'

238 836 270 860 et
283 835 320 859 ut
333 826 445 858 lanam
471 824 614 857 candida
627 824 663 867 ⁵)
691 822 872 856 efficiam.“
898 822 984 855 Item
1000 823 1035 856 in
1050 824 1204 868 psalmo:
1227 822 1330 866 „nive
1340 822 1377 867 ⁶)

238 888 490 921 dealbabuntur
518 885 554 918 in
587 885 763 921 Selmon.“
822 884 866 918 Et
895 884 1015 918 vetusti
1048 885 1181 919 dierum
1214 884 1329 930 capilli
1341 883 1377 929 ⁷)
1397 895 1411 929 j

240 949 402 983 dicuntur
431 961 500 982 esse
530 947 677 986 candidi,
711 946 746 980 id
772 955 829 988 est,
864 947 934 980 albi
958 947 1045 980 sicut
1063 948 1151 982 lana.
1199 947 1256 981 Sic
1279 946 1380 990 igitur
1394 975 1411 992 ξ,

240 1010 410 1045 dealbatio
436 1010 519 1042 haec
545 1023 583 1043 ex
606 1009 792 1054 splendore
817 1021 915 1042 verae
932 1008 1015 1042 lucis
1029 1009 1143 1043 venire
1160 1008 1380 1051 intelligenda
1400 1019 1412 1034 'v

241 1082 300 1112 est,
323 1081 356 1105 et
379 1084 417 1104 ex
441 1070 611 1104 vismnum
642 1069 837 1103 coelestium
873 1069 1025 1103 claritate
1050 1070 1263 1104 descendere.
1299 1069 1382 1103 Post

240 1135 325 1168 haec
349 1132 480 1166 mansio
505 1133 544 1165 fit
568 1132 603 1164 in
627 1131 748 1165 Ressa:
775 1132 869 1177 quod
897 1131 989 1176 apud
1013 1145 1077 1165 nos
1103 1131 1169 1166 dici
1193 1141 1309 1177 potest
1330 1130 1380 1164 vi-

240 1195 347 1229 sibilis
370 1194 437 1229 sive
460 1192 640 1227 laudabilis
664 1193 818 1227 tentatio.
855 1193 949 1237 Quid
975 1202 1022 1227 est
1045 1194 1124 1234 hoc,
1148 1195 1243 1239 quod
1260 1207 1380 1239 quam-

239 1257 287 1291 vis
311 1258 453 1299 grandes
477 1256 601 1289 habeat
625 1254 736 1289 anima
761 1256 946 1300 profectus,
971 1263 1085 1288 tamen
1111 1255 1314 1289 tentationes
1337 1255 1381 1289 ab

242 1331 279 1352 ea
304 1332 377 1351 non
403 1316 630 1351 auferuntur?
664 1315 768 1349 Unde
798 1325 959 1361 apparet,
994 1316 1073 1362 quia
1105 1317 1198 1351 velut
1231 1316 1382 1351 custodia

242 1380 428 1425 quaedam,
453 1388 485 1412 et
508 1377 705 1418 munimen,
731 1378 761 1412 ei
787 1378 989 1412 tentationes
1023 1378 1239 1413 adhibentur.
1286 1378 1382 1413 Sicut

241 1442 331 1476 enim
357 1454 447 1482 caro,
468 1440 495 1474 si
519 1440 587 1474 sale
610 1453 683 1473 non
709 1441 938 1484 adspergatur‚
963 1440 1115 1485 quamvis
1138 1440 1180 1473 sit
1205 1452 1327 1482 magna
1348 1449 1381 1473 et

240 1503 444 1548 praecipua,
472 1501 718 1546 corrumpitur:
751 1501 798 1534 ita
822 1511 855 1534 et
878 1501 1005 1540 anima,
1039 1501 1105 1536 nisi
1136 1501 1381 1536 tentationibus

242 1563 382 1598 assiduis
407 1563 668 1609 quodammodo
694 1562 842 1603 saliatur,
868 1564 1035 1596 continuo
1060 1563 1250 1605 resolvitur,
1275 1578 1314 1598 ac
1326 1577 1380 1598 re-

241 1624 384 1659 laxatur.
430 1624 534 1657 Unde
557 1633 690 1658 constat
712 1633 856 1669 propter
879 1625 947 1658 hoc
972 1625 1152 1670 dictumss)
1177 1638 1257 1667 esse,
1283 1627 1378 1671 quod

245 1699 349 1720 omne
380 1685 583 1720 sacrificium
615 1687 684 1719 sale
708 1685 855 1719 salietur.
903 1686 989 1719 Inde
1012 1685 1161 1731 denique
1185 1696 1250 1728 est,
1284 1687 1390 1732 quod,

245 1757 277 1781 et
299 1747 425 1781 Paulus
457 1746 607 1781 dicebat:
631 1757 686 1788 „et
698 1747 735 1792 ⁹)
760 1760 798 1781 ex
823 1747 1029 1782 sublimitate
1060 1748 1308 1782 revelationum
1337 1756 1400 1782 ne·

245 1809 395 1849 extollar,
426 1809 522 1843 datus
547 1818 594 1843 est
618 1808 702 1842 mihi
725 1808 880 1843 stImulus
903 1809 1013 1843 carnis
1040 1823 1137 1843 meae
1153 1811 1296 1853 ‘angelus
1318 1810 1381 1844 Sa-

244 1879 360 1910 tanae,
392 1869 450 1915 qui
480 1883 535 1904 me
575 1870 798 1916 colaphizet.“
844 1871 938 1905 Haec
965 1884 1044 1913 ergo
1070 1880 1118 1904 est
1143 1871 1298 1913 visibilis,
1328 1871 1381 1905 vel

338 2027 373 2070 ¹)
397 2026 461 2060 Ed.
485 2026 594 2059 Ruaei
615 2028 705 2061 sola:
730 2028 801 2061 scit.
896 2029 934 2073 ²)
958 2028 1079 2063 Matth.
1103 2027 1234 2068 XXIII,
1256 2028 1310 2062 27.

337 2081 375 2125 ³)
399 2082 523 2116 Psalm.
547 2083 599 2122 LI,
624 2084 655 2118 7.
752 2083 788 2128 α)
811 2084 910 2120 sesai.
935 2085 960 2125 l,
985 2084 1038 2119 18.

270 2182 278 2190 .
336 2138 372 2182 ⁵)
395 2138 476 2171 Mss.
501 2138 702 2178 „candida.“
725 2139 820 2173 Libri
846 2141 926 2174 editi
950 2141 999 2184 (v.
1022 2153 1052 2173 c.
1069 2140 1145 2173 edd.
1169 2138 1255 2183 M..)
1279 2150 1380 2179 „can-

243 2183 392 2216 d1dam.“
424 2183 466 2215 R.

337 2239 352 2259 ⁶
400 2238 521 2272 Psalm.
547 2239 703 2280 LXVIII,
730 2241 780 2274 14.
878 2240 913 2282 ⁷)
940 2240 1009 2274 Cfr.
1036 2240 1127 2273 Dan.
1152 2239 1226 2280 VII,
1249 2239 1281 2275 9.

336 2293 374 2338 ⁸)
397 2294 498 2328 Levit.
525 2294 568 2334 ΙΙ,
592 2296 645 2330 13.
742 2296 779 2340 ⁹)
804 2296 835 2329 11
860 2295 941 2330 Cor.
965 2296 1043 2337 XII,
1068 2297 1097 2331 7.
