1427 2460
196 97 243 135 64
695 96 873 131 Omemus

195 189 240 223 Et
265 188 445 234 quomodo
473 186 631 233 ejiciendi
652 195 748 227 sunt,
779 196 818 220 ut
847 186 914 220 illis
944 186 1056 233 ejectis
1087 187 1193 222 sancti
1215 200 1332 222 succe·-

195 253 278 285 dant
300 251 334 283 in
359 251 475 283 locum
500 248 642 282 eorum?
686 248 880 282 Redeamus
912 249 955 281 ad
979 248 1181 290 Evangelia,
1213 250 1332 284 redea-

195 326 270 345 mus
295 312 338 344 ad
361 312 579 356 Apostolum.
633 309 815 351 Evangelia
845 310 966 344 sanctis
998 310 1203 355 promittunt
1230 323 1334 353 regna

196 375 384 407 coelorum.
431 373 618 417 Apostolus
644 371 742 405 dicit:
773 373 962 416 ‚,nostra')
986 381 1098 405 autem
1123 371 1332 405 conversatio

195 436 233 469 in
258 435 360 468 coelis
385 438 462 468 est.“
517 434 557 467 In
588 434 690 467 coelis
722 446 801 476 ergo
834 443 881 467 est
907 434 1002 467 locus
1033 433 1242 474 hereditatis,
1275 432 1335 478 qui

182 496 409 542 promittitur
432 495 562 529 sanctis.
611 495 656 528 Et
679 494 762 540 quid
786 504 961 539 putamus,
988 496 1082 539 quod
1105 495 1218 528 nullus
1241 507 1336 527 nunc

196 558 404 592 adversarius
428 556 518 590 sitin
533 557 583 590 his
599 556 690 596 locis,
717 569 803 601 quae
816 555 878 589 tibi
902 556 1158 601 promittuntur,
1185 555 1336 600 quem²)

196 630 233 654 tu
257 620 338 653 inde
361 620 484 652 debeas
507 619 696 663 pugnando
719 618 906 663 depellere,
930 627 968 650 ut
990 618 1076 651 liber
1101 618 1145 651 ad
1169 630 1224 657 ea,
1249 628 1338 661 quae

196 681 258 715 tibi
282 680 546 726 piomittuntur,
577 681 654 713 loca
679 674 813 713 evdlare
838 678 968 724 possis?
1011 679 1056 712 Et
1080 678 1260 723 quomodo
1285 676 1337 710 di—

201 744 246 777 cit
267 742 440 776 Dominus
464 742 552 785 ,‚a³)
578 741 696 775 diebus
720 741 864 775 Joannis
887 741 1070 785 baptistae,
1095 739 1173 785 quia
1195 751 1339 782 regnum

198 804 380 837 coelorum
401 803 466 836 vim
490 803 633 848 patitur,
669 813 701 836 et
730 803 798 836 vim
832 803 1013 836 inferentes
1043 801 1182 847 rapiunt
1202 798 1336 833 illud?“

197 866 271 899 Nisi
295 865 385 898 enim
409 874 534 905 essent,
565 865 688 910 quibus
719 865 765 899 vis
797 864 909 906 fieret,
940 875 1117 908 nunquam
1148 871 1254 896 essent
1278 859 1338 906 qui

198 927 281 961 inde
305 926 430 971 depelli
455 936 486 959 et
511 927 641 960 extrudi
667 927 845 966 deberent,
869 939 1048 970 nunquam
1072 924 1251 963 diceretur,
1275 935 1338 967 per

197 989 266 1022 vim
291 988 522 1033 diripiendum
547 1001 615 1021 esse
637 1001 779 1030 regnum
805 988 994 1020 coelorum.
1052 986 1097 1019 Et
1127 984 1193 1018 nisi
1216 992 1336 1028 essent,

199 1064 276 1084 cum
303 1050 425 1096 quibus
449 1059 620 1083 certamen
646 1049 747 1083 nobis
772 1058 854 1083 esset
879 1061 918 1081 ac
940 1048 1135 1093 proelium,
1158 1059 1339 1091 nunquam

201 1113 327 1146 diceret
349 1112 552 1157 Apostolus:
583 1111 724 1155 „non‘²)
757 1119 805 1143 est
834 1109 935 1143 nobis
961 1108 1154 1143 colluctatio
1180 1108 1339 1141 adversus

201 1186 338 1208 carnem
365 1182 397 1205 et
418 1172 627 1214 sanguinem,
651 1173 710 1206 sed
735 1173 890 1205 adversus
913 1171 1145 1216 principatus,
1175 1178 1208 1202 et
1236 1177 1338 1214 pote-

199 1244 317 1276 states,
348 1235 505 1268 adversus
528 1233 650 1267 mundi
672 1231 772 1279 hujus
795 1243 940 1267 rectores
963 1233 1182 1266 tenebrarum
1206 1231 1339 1270 harum,

203 1298 360 1331 adversus
383 1295 570 1341 spiritualia
592 1295 763 1340 nequitiae
785 1294 821 1328 in
850 1294 1083 1328 coelestibus.“
1132 1293 1187 1326 De
1216 1291 1339 1336 quibus

203 1361 304 1394 etiam
333 1359 420 1392 illud
445 1357 513 1390 Dei
543 1356 671 1389 dictum
703 1355 861 1389 divinitus
890 1369 953 1401 per
981 1355 1186 1400 prophetam
1214 1352 1341 1386 intelli-

201 1422 350 1464 gendum
373 1419 516 1458 videtur,
539 1418 599 1450 ubi
623 1417 683 1450 ait:
708 1418 809 1463 ,‚et⁵)
833 1417 1017 1450 inebriatus
1036 1425 1083 1450 est
1099 1416 1229 1458 gladius
1243 1427 1339 1448 meus

202 1483 238 1517 in
263 1482 395 1515 coelo.“
439 1480 582 1513 Necesse
605 1488 653 1512 est
677 1491 755 1520 ergo
779 1478 967 1525 spirituales
994 1477 1171 1523 nequitias,
1194 1489 1281 1522 quae
1302 1476 1340 1510 in

204 1543 405 1578 coelestibus
429 1554 497 1575 esse
522 1540 698 1581 dicuntur,
731 1541 789 1585 qui
812 1549 891 1574 sunt
914 1539 983 1572 veri
1009 1537 1223 1576 chananaei,
1251 1537 1341 1570 vinci

204 1607 264 1640 abs
289 1614 334 1646 te,
355 1613 394 1636 ut
418 1603 591 1647 expeditus
617 1604 661 1636 ad
686 1603 843 1636 coelestia
865 1615 966 1645 regna
990 1600 1131 1634 transire
1153 1599 1278 1644 possis,
1302 1606 1341 1632 ut

202 1678 241 1701 tu
271 1679 335 1712 pro
368 1664 433 1698 illis
465 1665 594 1696 habites
624 1664 681 1697 ibi.
746 1663 839 1697 Scito
864 1672 979 1695 tamen
1009 1662 1153 1704 gigantes
1178 1674 1236 1694 eos
1261 1672 1341 1694 esse.

206 1729 307 1770 Gigas
340 1725 622 1764 dicitur-omnis,
658 1725 717 1770 qui
748 1726 904 1758 adversus
928 1724 1044 1756 Deum
1068 1722 1199 1757 resistit.
1254 1721 1342 1772 Qui-

206 1801 342 1833 cunque
371 1800 450 1830 ergo
483 1787 677 1820 adversatur
712 1786 807 1825 Deo,
840 1795 871 1818 et
902 1783 1092 1820 contrarius
1125 1793 1172 1817 est
1201 1782 1342 1824 veritati,

205 1852 301 1897 quod
332 1848 383 1882 illi
416 1847 650 1893 principaliter
680 1848 827 1887 faciunt,
861 1845 983 1879 merito
1021 1846 1110 1888 gigas
1139 1845 1341 1890 appellatur.

206 1912 287 1946 Tibi
311 1924 390 1954 ergo
414 1917 619 1955 praestatur,
648 1918 686 1942 ut
720 1907 858 1942 devictis
882 1906 1070 1952 gigantibus
1100 1906 1203 1941 intres
1226 1904 1262 1939 in
1287 1917 1341 1939 re-

302 2079 337 2123 ι)
360 2077 510 2122 Philipp.
535 2077 594 2117 111,
617 2078 672 2111 20.

299 2134 337 2176 2)
361 2133 456 2166 Libri
481 2133 561 2166 editi
585 2133 632 2178 (e.
658 2145 684 2165 c.
710 2133 786 2165 edd.
810 2131 894 2176 M.):
927 2144 1050 2176 „quem
1072 2139 1110 2163 tu
1133 2129 1256 2163 debeas
1278 2140 1343 2174 pu-

211 2180 347 2224 gnando
373 2177 526 2211 evincere
535 2182 563 2219 ·,“
587 2179 647 2211 sed
670 2177 749 2211 Mss.
774 2186 812 2210 ut
834 2177 869 2209 in
892 2186 1009 2211 nostro
1034 2184 1144 2209 textu..
1159 2175 1200 2207 R.

301 2235 339 2280 ³)
362 2233 483 2267 Matth.
506 2233 567 2273 XI,
591 2234 642 2267 12.
740 2232 776 2276 ⁴)
800 2232 924 2277 Ephes.
948 2231 1008 2272 VI,
1032 2232 1085 2267 12.

306 2291 342 2334 ⁵)
365 2288 464 2324 Jesai.
488 2287 649 2329 XXXIV,
672 2289 703 2323 5.
