1427 2460
237 85 280 119 74
720 86 901 123 omem-is

515 243 952 286 HOMILIA
1017 248 1092 286 IX.

235 342 290 374 De
315 339 438 373 batillis
464 340 596 381 Chore,
630 351 661 374 et
692 342 859 376 seditione
883 345 1005 390 populi
1032 347 1208 380 adversum
1234 347 1371 388 Mosen,

338 411 371 435 et
396 403 438 435 de
461 402 569 445 virgis,
593 402 628 435 in
653 403 776 447 quibus
800 405 890 447 virga
915 408 1030 440 Aaron
1055 408 1261 449 germinavit.

322 494 352 528 1.
377 495 481 539 Apud
505 494 639 535 Deum,
665 503 703 527 ut
733 494 873 538 intelligi
905 496 1020 537 datur,
1050 497 1135 532 nihil
1167 508 1214 533 est
1242 500 1372 540 inutile,

231 557 318 591 nihil
344 556 510 596 otiosum,
538 557 596 589 sed
622 566 654 589 et
678 570 733 596 ea,
765 571 851 601 quae
883 558 1080 593 hominibus
1109 561 1288 594 alienanda
1322 561 1369 594 vi-

233 621 357 652 dentur
382 627 414 651 et
437 617 644 664 abjicienda,
676 618 804 663 aliquid
821 619 941 663 <operis
964 621 1143 655 necessarii
1166 623 1294 655 habere
1318 623 1369 655 in-

231 681 424 715 veniuntur.
468 681 571 714 Hunc
595 690 706 713 autem
731 680 831 713 nobis
862 680 1073 716 intellectum
1096 683 1241 727 suggerit
1271 697 1372 730 prae-

231 757 305 777 sens
330 742 449 783 lectio,
482 756 568 787 quae
597 744 639 776 de
662 743 786 776 batillis
815 742 944 784 Chore,
983 753 1014 777 et
1048 744 1275 790 reliquorum,
1311 746 1370 791 qui

232 819 308 838 curn
333 806 406 849 ipso
432 814 673 849 peccaverunt,
711 814 976 846 commemorat,
999 807 1094 851 quod
1118 821 1162 840 ne
1186 808 1270 841 haec
1296 808 1371 852 qui-

232 869 310 900 dcm
337 865 431 913 jubet
455 865 556 912 abjici
579 866 692 906 Deus,
725 867 783 900 sed
814 867 886 900 fieri
919 881 956 900 cx
989 867 1028 901 iis
1051 869 1193 903 laminas
1219 870 1370 909 ductiles,

231 938 331 973 atque
363 943 399 961 ex
430 928 470 961 iis
503 929 606 961 altare
648 927 860 962 circumdari.
922 930 1041 962 Refert
1071 943 1150 972 ergo
1182 930 1369 975 Scriptura,

230 991 318 1034 qnia,
345 1003 381 1022 ex
405 999 587 1034 praecepto
613 990 696 1029 Dei,
719 990 882 1035 ‚‚accepit,
898 990 931 1034 ¹)
955 991 1083 1035 inquit,
1115 992 1258 1025 Eleazar
1280 992 1368 1025 filius

229 1054 348 1084 Aaron
382 1051 565 1085 sacerdotis
588 1051 704 1084 batilla
729 1065 843 1094 aerea,
885 1066 972 1097 quae
1005 1053 1204 1086 obtulerunt
1234 1053 1276 1093 ii,
1310 1055 1368 1097 qui

231 1113 333 1146 exusti
357 1122 444 1154 sunt,
470 1123 501 1146 ct
523 1115 677 1146 fecerunt
701 1127 737 1146 ex
760 1113 799 1147 iis
822 1114 975 1152 circulos,
999 1123 1031 1146 et
1055 1124 1288 1158 apposuerunt
1311 1128 1369 1148 eos

231 1174 338 1214 altari,
362 1175 403 1206 ad
428 1174 789 1207 commemorationem
815 1175 966 1209 filiorum
991 1175 1111 1216 Israel,
1141 1184 1180 1209 ut
1209 1189 1281 1209 non
1314 1190 1368 1209 nc-

231 1237 327 1270 cedat
351 1236 527 1282 quisquam
554 1236 751 1279 alienigena,
777 1238 834 1281 qui
858 1251 930 1270 non
955 1247 1002 1271 est
1026 1251 1063 1270 ex
1087 1236 1216 1270 semine
1239 1239 1368 1277 Aaron,

229 1299 408 1343 imponere
431 1298 605 1331 incensum
631 1312 747 1332 coram
772 1299 947 1339 Domino,
978 1312 1023 1332 ne
1046 1299 1106 1332 fiat
1128 1300 1215 1332 sicut
1241 1299 1367 1339 Chore,

230 1369 261 1391 et
286 1359 492 1403 conspiratio
519 1359 607 1404 ejus,
637 1359 721 1392 sicut
750 1361 882 1393 locutus
917 1369 963 1392 est
991 1359 1164 1394 Dominus
1192 1360 1228 1393 in
1259 1374 1364 1394 manu

227 1421 366 1455 Mosis.“
422 1420 603 1454 Manifeste
638 1422 787 1465 quodam
821 1421 857 1454 in
889 1421 969 1454 loco
1000 1420 1171 1454 Dominus
1195 1434 1258 1466 per
1281 1436 1364 1468 pro-

226 1485 364 1528 phetam
390 1483 485 1516 dicit:
509 1481 650 1526 ‚,n0n²)
674 1491 751 1516 sunt
775 1482 912 1515 consilia
937 1496 1011 1515 mea
1035 1481 1120 1516 sicut
1143 1483 1284 1517 consilia
1308 1498 1364 1517 ve-

227 1555 313 1585 stra,
351 1558 414 1578 nee
455 1545 673 1586 cogitationes
702 1557 798 1577 meae
831 1545 918 1579 sicut
947 1543 1166 1587 cogitationes
1204 1551 1365 1584 vestrae,“

228 1608 264 1639 Si
290 1607 381 1652 apud
407 1605 562 1640 homines
587 1606 693 1639 hodie
724 1606 933 1651 judicaretur
962 1606 1046 1639 haec
1071 1620 1185 1647 causa,
1218 1617 1250 1640 et
1272 1609 1365 1653 apud

228 1668 444 1702 ecclesiarum
468 1667 638 1713 principes
663 1668 846 1701 haberetur
861 1681 998 1702 examen
1012 1669 1054 1702 de
1064 1668 1114 1708 iis,
1139 1668 1233 1701 verbi
1251 1681 1363 1710 causa,

227 1731 284 1776 qui
309 1731 436 1763 diversa
461 1731 521 1763 ab⁴
536 1730 680 1764 ecclesiis
703 1730 863 1763 docentes
893 1729 1024 1762 divinae
1055 1729 1223 1763 vindictae
1245 1740 1363 1775 pertu-

224 1793 326 1826 lerint
349 1792 528 1830 ultionem,
551 1804 669 1824 nonne
691 1790 889 1837 judicarent,
912 1801 959 1831 ut,
983 1790 1009 1825 si
1039 1791 1121 1836 quid
1144 1792 1252 1825 locuti
1275 1801 1364 1832 sunt,

225 1857 252 1890 si
284 1854 366 1900 quid
400 1855 609 1893 docuerunt,
639 1852 666 1885 si
701 1853 785 1898 quid
818 1853 918 1886 etiam
946 1853 1110 1897 scriptum
1140 1853 1362 1898 reliquerunt,

226 1917 377 1950 universa
400 1915 527 1960 pariter
553 1928 629 1948 cum
653 1914 806 1960 ipsorum
831 1915 1000 1948 cineribus
1031 1914 1245 1960 deperirent?
1290 1915 1360 1948 Sed

225 1992 297 2012 non
329 1987 406 2012 sunt
434 1976 561 2023 judicia
590 1977 657 2010 Dei
686 1977 772 2011 sicut
801 1976 927 2023 judicia
958 1986 1083 2010 nostra.
1142 1976 1234 2010 Audi
1259 1976 1359 2016 enim,

226 2039 404 2084 quomodo
430 2039 472 2071 de
503 2038 629 2071 batillis
652 2052 790 2079 eorum,
826 2038 883 2084 qui
914 2048 1031 2072 contra
1064 2038 1267 2083 prophetam
1291 2037 1358 2071 De'i

225 2101 492 2138 imm-rexerant,
524 2099 686 2144 jubentur
716 2099 789 2133 fieri
810 2100 964 2141 laminae,
990 2102 1072 2135 etin
1088 2100 1229 2135 circuitu
1245 2099 1356 2134 altaris

883 2147 890 2158 i

320 2229 355 2272 1>
378 2228 480 2260 Num.
505 2226 597 2266 XVI,
619 2226 674 2261 39.
698 2228 754 2263 4ο.

317 2286 354 2330 ²)
382 2284 451 2317 Cfr.
476 2281 575 2316 Jesai.
600 2283 669 2324 LV,
691 2282 723 2318 8.
744 2283 776 2317 9.
1041 2284 1064 2293 ““
