1427 2460
249 75 292 110 76
727 70 904 104 Omcssms

246 176 324 197 vera
347 160 462 206 Dei¹)
485 159 712 206 praedicatio,
748 161 870 195 melius
903 161 975 206 ipsa
1008 162 1128 196 veritas
1151 174 1188 195 ex
1213 162 1376 197 falsorum

247 224 502 270 comparatione
526 222 676 264 fulgebit.
729 222 766 255 Si
789 223 897 263 enim,
930 232 968 255 ut
996 222 1089 256 verbi
1120 224 1222 266 gratia
1254 224 1376 265 dicam,

243 300 372 332 ponam
398 287 483 319 dicta
508 283 706 325 MarcioniS‚
729 293 786 316 aut
808 284 982 324 Basilidis,
1006 294 1061 318 aut
1085 285 1219 319 alterius
1243 285 1378 332 cujusli-

242 350 302 381 bet
325 347 502 386 haeretici,
534 355 566 377 et
595 345 677 378 haec
700 346 915 379 sermonibus
939 346 1100 386 veritatis,
1129 359 1167 380 ac
1192 346 1376 392 scriptura-

243 422 321 442 rum
346 407 534 441 divinarum
560 406 775 446 testimoniis,
807 408 897 441 velut
929 409 1032 442 divini
1059 409 1169 442 altaris
1192 408 1268 450 igne
1292 422 1377 441 con-

241 472 361 509 futem,
384 483 501 502 nonne
526 469 714 502 evidentior
732 482 851 502 eorum
877 482 913 502 ex
936 471 1008 514 ipsa
1033 471 1290 515 comparatione
1314 483 1375 514 ap-

240 532 376 577 parebit
398 530 573 576 impictas?
626 531 713 563 Nam
747 530 773 563 si
805 530 959 563 doctrina
994 532 1212 566 ecclesiastica
1236 531 1376 576 simplex

244 603 343 633 esset,
378 603 409 626 et
433 593 535 626 nullis
559 593 756 626 intrinsecus
780 592 1026 626 haereticorum
1051 595 1246 637 dogmatum
1265 607 1374 628 ‚asser-

239 655 391 689 tionibus
416 655 620 697 cingeretur,
651 669 723 688 nou
747 654 880 699 poterat
909 664 978 687 tarn
1011 655 1119 696 clara,
1154 665 1185 689 et
1208 665 1276 689 tam
1301 669 1377 689 exa-

240 718 368 750 minata
391 717 497 751 videri
523 719 604 750 fides
627 726 752 750 nostra.
801 717 869 750 Sed
893 717 1021 750 idcirco
1045 717 1235 751 doctrinam
1261 718 1378 751 catho-

238 780 340 813 licam
366 779 671 812 contradicentium
697 779 830 826 obsidet
852 778 1073 823 oppugnatio,
1097 788 1135 812 ut
1157 780 1239 813 fides
1261 788 1378 813 nostra

239 855 314 874 non
346 841 415 873 otio
429 841 465 884 2)
495 850 684 885 torpescat,
715 843 774 875 sed
808 840 968 874 exercitiis
1000 841 1164 877 elimetur.
1227 841 1376 886 Propter

238 903 308 936 hoc
334 903 480 947 denique
514 912 545 935 et
570 903 753 947 Apostolus
778 903 928 936 dicebat:
966 903 1174 947 ‚,oportet³)
1205 911 1318 936 autem
1343 912 1376 936 et

238 965 392 997 haereses
418 977 494 1004 esse,
518 973 556 996 ut
571 964 707 1009 probati
732 964 857 1009 quique
881 964 1049 997 manifesti
1073 964 1155 997 fiant
1178 964 1266 998 inter
1281 968 1372 998 vos.“

238 1026 316 1059 Hoc
343 1036 389 1059 est
413 1027 541 1067 dicere,
573 1035 709 1071 oportet
740 1026 988 1059 haereticorum
1021 1025 1143 1059 batillis
1176 1027 1280 1059 altare
1311 1025 1376 1059 cir-

239 1091 410 1128 cumdari,
445 1099 482 1122 ut
514 1097 602 1121 certa
633 1097 664 1120 et
687 1089 861 1121 manifesta
887 1087 1045 1119 omnibus
1068 1088 1125 1120 fiat
1148 1087 1301 1120 fidelium
1326 1096 1376 1120 at·

239 1164 306 1195 que
329 1151 518 1183 infidelium
544 1150 745 1182 differentia.
802 1149 889 1181 Cum
922 1148 1010 1180 enim
1044 1149 1126 1181 fides
1157 1148 1376 1182 ecclesiastica

238 1213 330 1245 velut
353 1226 474 1245 aurum
499 1211 649 1256 coeperit
671 1211 856 1252 refulgere,
880 1219 912 1243 et
934 1208 1140 1255 praedicatio
1166 1208 1237 1256 ejus
1260 1219 1298 1243 ut
1321 1223 1375 1243 ar-

237 1285 375 1316 gentum
408 1274 484 1316 igne
522 1275 706 1319 probatum
746 1272 953 1306 intuentibus
992 1271 1256 1315 resplenduerit:
1292 1281 1375 1305 tunc

238 1336 370 1381 :majore
395 1350 470 1368 cum
503 1334 713 1379 turpitudine
738 1344 769 1367 et
795 1335 963 1366 dedecore
992 1333 1242 1366 haereticorum
1275 1346 1375 1367 voces
1415 1352 1417 1355 ·

239 1397 376 1430 obscuri
400 1398 484 1430 aeris
508 1397 633 1429 vilitate
655 1396 853 1429 sordebunt.
907 1394 967 1427 Vis
992 1403 1105 1427 autern
1133 1394 1238 1434 scire,
1268 1396 1374 1439 quod,
1416 1435 1417 1438 Ἴ

238 1472 324 1503 quae
347 1460 440 1491 bona
465 1467 558 1499 sunt,
592 1459 685 1490 bona
721 1469 788 1490 esse
812 1469 850 1489 ex
875 1455 1082 1489 deteriorum
1105 1455 1210 1498 magis
1233 1469 1373 1502 compa-

235 1521 367 1554 ratione
389 1518 601 1552 noscuntur?
650 1518 734 1562 Quis
765 1518 863 1551 sciret
893 1519 1023 1550 bonam
1059 1530 1127 1551 esse
1151 1518 1280 1558 lucem,
1310 1517 1374 1551 nisi

234 1583 345 1616 noctis
376 1582 532 1614 tenebras
563 1579 785 1613 sentiremus?
849 1579 934 1623 Quis
975 1578 1189 1612 dulcedinem
1218 1588 1375 1612 nosceret

235 1644 355 1683 mellis,
380 1643 443 1676 nisi
468 1652 599 1684 gustum
626 1641 860 1675 amaritudinis
885 1640 1089 1685 accepisset?
1135 1640 1250 1684 Ipsum
1275 1640 1373 1673 deni-

237 1720 303 1751 que
338 1706 532 1744 diabolum,
575 1713 606 1736 et
639 1704 850 1736 obluctantes
882 1703 1059 1735 adversum
1090 1715 1154 1734 nos
1185 1701 1372 1735 contrarias

233 1777 412 1814 potestates
437 1767 463 1799 si
487 1754 636 1804 auferas,
667 1764 805 1797 virtutes
839 1762 942 1796 animi
973 1763 1044 1795 sine
1077 1763 1275 1796 obluctante
1298 1776 1371 1796 non

234 1827 467 1876 potuerunt&
493 1826 682 1860 enitescere.
736 1825 792 1860 Sic
818 1837 896 1867 ergo
923 1834 955 1857 et
978 1824 1194 1858 sacerdotum
1217 1824 1371 1859 fidelium

329 2018 365 2062 ¹)
390 2017 478 2050 Edd.
503 2015 659 2048 Merlini:
683 2014 773 2048 fidei.

327 2075 364 2117 ²)
390 2074 493 2105 Deest
516 2071 630 2111 ‚,otio“
652 2071 687 2103 in
711 2069 806 2103 libris
832 2069 946 2108 editis,
970 2069 1029 2102 scd
1051 2069 1229 2114 suppletur
1251 2081 1270 2101 e
1292 2067 1372 2102 Mss-

232 2118 441 2156 Bclvacensi‚
464 2117 675 2157 Ebroicensi,
694 2125 725 2149 et
749 2114 959 2151 Carnutensi.
984 2114 1024 2148 R.
1042 2113 1234 2158 -Legitur
1257 2113 1371 2157 „otio“

233 2167 270 2200 in
296 2166 371 2199 edd.
396 2161 545 2196 Merlini.

326 2220 364 2264 ³)
388 2219 404 2250 1
429 2218 509 2251 cor.
535 2216 597 2257 XI,
621 2217 674 2252 19.

331 2275 368 2320 ἰ>
392 2274 480 2308 Edd.
506 2272 662 2307 Merlini:
687 2281 858 2317 poterunt.

1417 1779 1423 1826 ,ΜΝ
1414 1674 1422 1771 «4,...η
1417 1610 1421 1668 .,-.
1418 1587 1420 1601 ,.
1418 1564 1419 1567 Α
1415 1538 1419 1545 ,

1416 2002 1425 2038 ›OE
1416 1969 1424 1995 -‚.
1415 1840 1424 1960 242.--..‚...-,.
