1427 2460
349 73 384 97 m
403 63 582 97 Nummos
610 59 772 95 Homum
797 61 856 94 ΧΙ.
1103 65 1167 98 111

40 155 257 189 hereditatem
283 153 420 198 capiunt
443 151 568 192 salutis,
593 165 635 185 an
661 164 801 191 eorum,
838 149 896 195 qui
920 151 962 183 ab
986 150 1025 184 iis
1047 150 1167 195 juvan-

40 226 103 256 tur,
127 217 256 266 ignauia
279 225 345 248 tam
370 215 468 248 multi
499 215 610 259 lapsus
642 212 727 246 vitae
757 214 928 245 humanae
957 212 1168 256 proveniant.

41 278 146 325 Quod
170 279 196 313 si
219 278 264 311 ita
288 286 344 318 est,
370 276 432 310 erit
456 289 535 319 ergo
561 275 661 308 etiam
686 276 774 308 inter
798 275 934 317 angelos
960 283 991 307 et
1013 274 1168 308 homines

38 339 200 386 judicium
223 339 307 372 Dei:
332 347 364 372 et
386 338 534 372 fortassis
557 336 798 383 judicabuntur
822 335 926 380 aliqui
951 348 1028 369 cum
1047 336 1169 376 Paulo,

40 411 72 434 et
95 401 314 434 conferentur
336 400 510 434 laboribus
535 399 626 444 ejus,
650 407 683 432 et
706 398 882 437 fructibus,
907 398 964 442 qui
989 410 1028 430 ex
1051 398 1168 430 multi-

38 462 156 495 tudine
180 461 390 495 credentium
414 461 568 495 veniunt:
603 470 635 493 et
658 461 747 493 forte
769 458 958 494 invenietur
980 458 1017 492 in
1040 459 1169 492 labori-

2 545 3 548 =
38 524 101 556 bus
123 522 281 568 superior
305 524 405 557 etiam
431 523 599 568 aliquibus
613 522 748 564 angelis,
772 530 804 554 et
825 520 903 553 ideo
928 520 1090 554 nimirum
1115 522 1168 554 di·-

39 585 150 618 cebat:
174 585 299 630 ‚,aut¹)
323 585 474 624 nescitis,
507 585 586 630 quia
610 584 744 625 angelos
767 581 993 628 judicabimus
1004 582 1040 616 ?“
1086 583 1168 615 Non

0 663 2 667 ’
39 645 181 690 quod2)
205 647 276 691 ipse
300 647 425 680 Paulus
447 645 574 693 judicet
597 646 744 686 angelos,
765 645 824 677 scd
849 644 943 688 quod
960 657 1045 689 opus
1058 643 1169 683 Pauli,

39 708 134 751 quod
159 708 223 750 egit
244 708 280 742 in
304 709 499 751 Evangelio,
524 717 555 741 et
579 720 654 750 erga
679 706 808 739 animas
831 705 1052 744 credentium,
1077 703 1169 750 judi-

0 792 1 795 =
38 769 129 802 cabit
152 769 300 814 aliquos:
330 784 402 803 non
437 770 527 803 enim
560 782 696 809 omnes,
719 769 777 801 sed
803 768 934 813 aliquos
959 766 1168 809 angelorum.

37 829 82 863 Et
103 840 285 875 propterea
307 830 456 865 fortassis
480 830 578 863 etiam
595 832 716 864 Petrus
739 830 783 863 ad
800 829 860 863 ista
882 829 1092 874 respondens
1117 826 1170 860 di-

39 892 152 925 cebat:
176 892 280 936 „in³)
304 906 405 938 quem
420 891 666 936 concupiscunt
685 891 785 924 etiam
804 891 915 933 angeli
937 890 1172 936 prospicere:“

6 960 9 978 ἶ
39 953 187 998 quamvis
221 963 253 987 et
284 955 348 999 ipsi
379 954 539 999 Apostoli
568 953 692 996 angelis
716 962 855 987 utantur
889 951 1103 998 adjutoribus
1127 951 1171 983 ad

2 1029 9 1058 ’,Ι
40 1016 245 1060 explendum
280 1015 541 1061 praedicationis
579 1029 658 1049 suae
689 1029 828 1055 munus,
875 1024 908 1047 et
941 1028 1026 1059 opus
1056 1013 1170 1045 Evan-

2 1099 9 1124 ,κς
41 1077 119 1119 gelii
158 1078 476 1111 consummandum.
549 1077 604 1112 Sic
649 1076 740 1110 enim
784 1077 961 1109 dicebatur
997 1076 1033 1108 in
1076 1073 1171 1107 Acti-

4 1139 9 1169 Ἃ
39 1138 102 1171 bus
115 1138 151 1182 4)
176 1139 433 1183 Apostolorum,
456 1138 534 1183 quia
560 1140 695 1181 angelus
718 1138 812 1171 Petri
837 1144 952 1178 esset(
967 1137 1024 1182 qui
1054 1136 1171 1181 pulsa-

41 1207 92 1231 ret
125 1200 168 1232 ad
201 1199 334 1233 ostium.
393 1199 557 1234 Similiter
587 1212 666 1242 ergo
697 1199 892 1240 intelligitur
923 1211 994 1231 esse
1024 1206 1056 1230 et
1087 1196 1172 1230 alius

40 1259 137 1293 Pauli
161 1262 313 1303 angelus,
347 1261 432 1294 sicut
456 1270 503 1294 est
526 1260 635 1301 Petri,
672 1270 703 1293 et
735 1260 816 1293 alius
842 1260 977 1293 alterius
1003 1257 1171 1303 Apostoli,

4 1311 9 1327 '³
39 1329 71 1370 et
92 1321 302 1363 singulorum
325 1335 388 1366 per
412 1323 587 1362 ordinem,
620 1323 671 1355 vel
695 1335 759 1366 pro
785 1321 922 1360 meritis,
946 1333 1032 1364 quos
1054 1319 1172 1362 utique

39 1382 73 1415 in
95 1382 273 1416 laboribus
298 1393 330 1416 et
354 1383 509 1416 doctrina
536 1397 613 1423 sua,
640 1383 707 1416 sive
731 1383 1001 1428 Apostolorum,
1025 1380 1093 1413 sive
1116 1392 1170 1412 re-

4 1484 6 1490 *
39 1443 211 1489 liquorum
240 1453 318 1489 post
349 1458 406 1478 eos
438 1446 639 1485 doctorum,
674 1457 809 1478 necesse
839 1454 886 1477 est
909 1443 1035 1489 primas
1057 1450 1171 1487 partes

4 1504 6 1509 ¹
39 1506 164 1539 habere
188 1515 221 1539 et
245 1506 446 1546 animarum,
471 1520 557 1551 quae
574 1519 637 1551 per
650 1519 708 1540 eos
720 1507 952 1551 profecerunt,
977 1514 1009 1538 et
1021 1506 1171 1538 fructum

3 1573 6 1577 '
39 1581 106 1601 una
131 1581 208 1601 cum
233 1566 289 1608 iis,
318 1580 380 1612 per
411 1581 497 1612 quos
530 1568 660 1613 operati
689 1577 788 1608 sunt,
824 1568 868 1600 ad
892 1580 1004 1601 aream
1026 1564 1173 1598 Domini

10 1676 11 1680 Ἰ
39 1639 264 1674 comportare.
308 1628 383 1661 Erit
407 1641 486 1671 ergo
510 1630 547 1662 in
572 1629 832 1671 congregatione
855 1631 1040 1666 fructuum,
1063 1627 1100 1660 id
1125 1635 1173 1660 est
1217 1630 1219 1632 ’

37 1690 72 1723 in
96 1690 260 1724 electione
283 1691 512 1732 credentium,
535 1690 611 1731 ille,
643 1691 737 1724 verbi
760 1691 883 1733 gratia,
912 1690 971 1735 qui
994 1689 1060 1723 fuit
1082 1688 1172 1722 illius

38 1753 196 1785 ecclesiae
228 1751 430 1796 praecipuus
463 1762 495 1785 et
529 1752 686 1793 eximius,
717 1753 902 1798 primitiae,
934 1762 966 1793 et
988 1753 1045 1786 ille
1069 1751 1171 1785 etiam

11 1847 13 1852 ,
38 1814 104 1846 hoc
127 1812 284 1858 superior
305 1813 395 1846 illius
420 1814 579 1847 ecclesiae
602 1814 865 1859 primogenitus,
899 1815 942 1848 ab
966 1814 1047 1853 illo,
1076 1811 1172 1845 verbi

4 1908 12 1915 .-
39 1874 153 1917 gratia,
177 1875 297 1916 angelo
324 1874 466 1908 oblatus.
512 1875 558 1908 Et
579 1874 625 1908 ita
651 1889 754 1909 omne
777 1876 854 1916 hoc,
878 1876 973 1920 quod
987 1875 1171 1911 adumbra-

4 1956 13 1974 ς,
40 1943 113 1969 tum
137 1944 185 1969 est
206 1934 244 1968 iu
266 1937 357 1977 lege,
394 1936 557 1981 quoniam
588 1937 641 1969 lex
669 1938 828 1970 umbram
851 1937 954 1971 habet
975 1938 1172 1970 futurorum

11 1999 14 2040 ᾗ
40 1997 233 2037 honorum,
268 1997 383 2042 aliquo
414 1998 522 2031 modo
544 2010 607 2041 per
630 2000 828 2041 angelorum
851 1998 1035 2032 ministeria
1057 1996 1093 2030 in
1116 1996 1170 2030 fu-

134 2135 169 2179 ¹)
194 2135 210 2168 I
234 2135 313 2170 Cor.
337 2135 395 2175 Vl,
417 2138 449 2169 3.
544 2136 580 2178 ²)
605 2137 692 2171 Edd.
718 2137 873 2171 Merlini:
900 2151 979 2182 quo.

132 2190 169 2233 ³)
193 2191 210 2222 1
232 2190 321 2224 Patr.
345 2191 370 2230 Ι,
394 2193 445 2225 12.

135 2244 172 2288 ¹²)
198 2245 266 2278 Cfr.
292 2248 363 2280 Act.
389 2247 465 2287 ΧΠ,
489 2249 541 2282 13.
568 2248 619 2281 14.
646 2251 698 2282 15.
