1427 2460
385 69 429 93 m
448 59 627 93 Nummos
653 58 815 92 HommA
835 58 927 90 XIII.
1161 59 1224 93 151

89 151 226 195 aliquae
248 162 383 194 preces,
417 157 449 181 et
485 148 563 181 talia
588 147 789 192 requirenda
813 156 890 181 sunt
913 160 1006 181 arma
1030 136 1223 189 verborum,

91 222 122 245 et
147 212 316 246 orationes
340 210 430 250 tales,
456 222 543 254 quae
561 222 720 253 superare
737 209 867 253 possint
882 208 1053 242 orationes
1067 208 1221 243 istorum.

176 274 207 307 5.
231 273 279 305 Ut
301 281 412 305 autem
437 271 539 310 scias,
575 271 641 304 tale
676 270 804 315 aliquid
829 270 989 312 cogitasse
1012 282 1143 312 regem,
1185 283 1222 317 ex

89 335 284 379 Scripturae
306 334 415 367 verbis
438 333 603 375 intellige,
635 346 722 378 quae
746 345 807 374 ego
831 346 850 366 a
873 333 1032 376 magistro
1058 333 1221 376 quodam,

87 396 147 441 qui
169 408 207 428 ex
230 394 396 428 Hebraeis
420 394 620 434 crediderat,
646 394 794 438 exposita
820 393 934 427 didici.
973 393 1148 438 Scriptum
1173 403 1221 427 est

86 470 184 499 ergo:
216 456 319 501 „et¹)
353 456 434 490 dixit
464 457 572 490 Moab
596 457 639 489 ad
663 456 813 490 seniores
836 455 1006 489 Madiam:
1041 468 1134 487 nunc
1159 455 1222 488 ab·

83 517 186 559 linget
207 531 375 565 synagoga
399 519 482 551 haec
506 531 645 557 omnes,
683 517 741 562 qui
765 518 800 551 iu
824 516 967 551 circuitu
989 525 1109 549 nostro
1134 526 1221 556 sunt,

83 579 169 613 sicut
192 579 333 622 ablingit
357 580 478 613 vitulus
501 580 643 612 herbam
669 578 816 624 campi.“
862 578 984 611 Aiebat
1007 589 1088 619 ergo
1112 577 1219 618 magi-

84 649 152 673 ster
174 641 243 681 ille,
267 641 326 686 qui
350 654 387 674 ex
409 641 573 675 Hebraeis
589 640 794 674 crediderat:
819 652 889 679 cur,
913 638 1034 683 inquit,
1058 639 1118 672 tali
1141 652 1221 672 usus

85 711 132 736 est
165 704 339 747 exemplo,
383 702 513 736 dicens:
551 701 705 744 „sicut²)
744 700 885 742 ablingit
921 700 1044 733 vitulus
1081 700 1222 732 herbam

85 762 244 807 campi?“
292 763 349 796 Ob
374 764 441 796 hoc
465 764 537 797 sine
565 764 684 804 dubio,
709 763 788 807 quia
812 761 933 795 vitulus
961 774 1020 794 ore
1045 761 1221 806 abrumpit

84 825 224 857 herbam
249 825 292 857 de
316 837 460 870 campe,
483 835 515 858 et
537 825 651 866 lingua
674 835 837 869 tanquam
861 824 964 862 falce,
996 836 1222 868 quaecunque

83 885 266 926 invenerit,
305 895 403 919 secat.
463 886 512 918 Ita
547 899 626 929 ergo
662 895 694 919 et
723 887 876 931 populus
899 885 955 918 hic
980 885 1074 930 quasi
1099 884 1222 918 vitulus

84 960 143 980 ore
167 957 199 981 et
221 947 318 980 labiis
341 957 479 992 pugnat,
503 957 535 980 et
557 961 651 982 arma
679 948 782 980 hahet
805 946 840 979 in
865 945 974 980 verbis
1000 960 1038 979 ac
1051 946 1220 991 precibus.

83 1010 176 1042 Haec
199 1009 300 1052 igitur
323 1009 428 1042 sciens
453 1023 509 1042 rex
529 1010 630 1043 mittit
654 1011 698 1043 ad
720 1009 881 1050 Balaam,
915 1017 953 1041 ut
978 1017 1010 1042 et
1031 1008 1105 1053 ipse
1129 1009 1220 1041 defe-

82 1080 134 1103 rat
157 1071 265 1105 verbis
289 1071 391 1104 verba
414 1071 602 1111 contraria,
638 1081 669 1104 et
692 1071 852 1116 precibus
875 1082 1000 1114 preces.
1054 1071 1125 1102 Nec
1157 1070 1221 1103 mi-

83 1131 176 1175 reris,
202 1132 228 1164 si
253 1141 299 1164 est
322 1132 357 1164 in
381 1131 510 1173 magica
547 1141 616 1164 arte
640 1133 704 1165 tale
729 1131 874 1176 aliquid:
907 1143 976 1164 esse
1008 1130 1099 1163 enim
1134 1130 1221 1163 hanc

85 1202 209 1233 artem,
245 1193 397 1234 designat
427 1193 526 1225 etiam
564 1192 754 1237 Scriptura,
791 1193 850 1225 sed
883 1191 931 1224 uti
972 1204 1009 1225 ea
1049 1193 1220 1236 prohibet.

82 1255 171 1287 Nam
196 1263 229 1287 et
252 1255 436 1287 daemones
460 1254 634 1298 Scriptura
658 1267 727 1287 esse
765 1253 933 1294 designat,
970 1253 1030 1285 sed
1066 1253 1133 1286 coli
1164 1266 1223 1288 eos

85 1323 118 1347 et
142 1314 275 1347 exorari
298 1323 395 1347 vetat.
448 1315 553 1347 Recte
583 1327 663 1356 ergo
696 1315 795 1347 etiam
820 1313 949 1356 magica
975 1313 1024 1346 uti
1047 1313 1220 1359 prohibet,

83 1376 162 1421 quia
186 1388 365 1418 magorum
389 1375 715 1424 ministri3).angeli
739 1384 818 1408 sunt
844 1376 999 1416 refugae,
1031 1385 1062 1408 et
1085 1376 1220 1420 spiritus

83 1437 232 1478 maligni,
255 1445 289 1469 et
312 1437 494 1470 daemonia
516 1438 704 1472 immunda.
763 1437 885 1470 Nullus
910 1437 999 1470 enim
1023 1446 1218 1471 sanctorum

83 1498 264 1543 spirituum
289 1499 505 1543 obtemperat
537 1511 648 1540 mago.
703 1499 783 1531 Non
817 1507 928 1543 potest
959 1499 1117 1532 invocare
1147 1513 1220 1533 ma—

84 1572 143 1602 gus
167 1560 391 1600 Michaelem,
420 1573 493 1593 nou
524 1570 636 1605 potest
666 1560 827 1593 invocare
849 1561 1079 1604 Raphaelem,
1108 1573 1220 1605 neque

85 1620 298 1654 Gabrielem:
323 1623 432 1654 multo
457 1622 562 1664 magis
585 1635 702 1664 magus
716 1621 877 1655 invocare
890 1635 962 1654 non
979 1631 1090 1666 potest
1107 1622 1218 1655 omni-

85 1691 261 1726 potentem
287 1683 420 1722 Deum,
454 1696 518 1716 nec
541 1683 649 1717 filium
675 1683 745 1729 ejus
768 1683 960 1716 Dominum
983 1692 1139 1716 nostrum
1163 1684 1221 1716 Je—

64 1756 159 1787 ⁴sum
186 1743 377 1784 Christum,
409 1757 473 1777 nec
495 1754 648 1778 sanctum
673 1745 829 1790 spiritum
855 1743 934 1790 ejus.
982 1745 1053 1777 Nos
1076 1745 1138 1777 soli
1165 1758 1218 1777 ac—

86 1805 238 1849 cepimus
261 1815 482 1850 potestatem,
514 1806 699 1840 invocandi
729 1807 843 1841 Deum
874 1816 1016 1851 patrem.
1062 1807 1133 1839 Nos
1157 1807 1219 1838 soli

86 1867 251 1899 habemus
274 1875 487 1910 potestatem,
511 1867 695 1901 invocandi
711 1867 921 1911 unigenitum
933 1866 1098 1912 Jcsum4)
1120 1866 1219 1900 Chri-

84 1937 184 1962 stum.
231 1928 298 1961 Sed
325 1928 410 1962 illud
435 1939 493 1970 est,
517 1931 612 1974 quod
637 1930 731 1963 dico:
764 1929 822 1974 qui
846 1928 914 1975 jam
937 1937 1139 1974 potestatem
1164 1941 1219 1961 ac-

182 2069 218 2109 Ι)
241 2070 342 2102 Num.
355 2069 467 2108 XXII,
481 2069 511 2102 4.
527 2089 567 2094 —-
582 2069 670 2102 Edd.
691 2069 829 2102 Merlini
843 2078 1051 2103 constanter:
1068 2067 1217 2102 Madian,

179 2125 215 2168 ²)
241 2126 342 2158 Num.
367 2124 480 2164 XXII,
506 2126 536 2158 4.

182 2181 218 2224 ³)
246 2180 331 2213 Cod.
359 2180 589 2215 carnotensis:
617 2181 814 2224 ,‚magistri.“
837 2182 876 2214 R<

187 2236 218 2277 ὖ)
244 2235 345 2269 Deest
369 2237 525 2276 „Jesumf‘
553 2238 584 2270 in
610 2238 682 2271 sola
708 2238 757 2270 ed.
783 2238 901 2270 Ruaei.
