1427 2460
319 84 356 109 m
381 73 559 108 Nummos
583 69 744 104 Humum
772 69 883 103 XXV.
1099 68 1167 102 303

38 180 105 214 que
133 179 254 201 eorum
285 163 468 209 aliquando
499 162 543 195 ad
573 169 681 195 semet
709 159 803 204 ipsos
825 158 1076 197 transferentes,
1107 157 1168 191 ali-

38 230 176 276 quando
201 241 280 262 vero
310 238 414 271 super
441 225 533 269 ipsos
564 223 803 268 relinquentes.
850 221 920 255 Sed
944 233 1007 253 nos
1025 218 1060 263 ¹)
1085 231 1167 251 con—

39 293 180 325 tendere
206 290 388 327 debemus,
410 295 448 319 ut
472 298 672 319 occuramus
695 285 733 318 in
757 284 868 318 virum
891 283 1100 328 perfectum,
1131 280 1168 313 in

8 354 12 359 ’
40 365 234 387 mensuram
262 348 378 384 aetatis
405 347 626 394 plenitudinis
659 346 798 380 Christi:
830 354 867 378 ut
897 353 1035 377 utamur
1065 344 1168 376 liber-

40 423 109 447 tate
137 423 314 452 votorum,
347 420 380 444 et
408 412 452 444 ita
484 410 668 443 adhaerere
699 408 856 442 Domino
887 405 1100 445 festinemus,
1134 413 1173 437 ut

41 487 119 507 cum
148 473 224 518 ipso
254 485 342 505 unus
373 472 508 517 spiritus
538 471 659 511 simus,
689 479 723 504 et
751 471 823 515 ipse
846 468 881 500 in
904 468 1005 501 nobis
1027 474 1173 506 maneat,

42 544 76 569 et
97 548 161 569 nos
183 534 220 567 in
243 534 337 579 ipso:
362 543 394 567 et
416 534 502 567 nihil
520 534 554 567 in
579 531 679 566 nobis
696 530 890 570 femineum,
913 530 998 563 nihil
1014 527 1174 573 parvulae

43 596 158 631 aetatis
189 597 370 636 habeatur,
405 608 450 628 ne
481 607 614 628 necesse
646 593 687 628 sit
715 593 817 626 nobis
846 593 909 625 sub
939 591 1110 624 tutoribus
1142 598 1175 621 et

43 657 324 703 procuratoribus
355 657 545 701 derelinqui
570 671 588 691 a
611 664 726 701 patre:
756 655 816 688 sed
839 653 1034 686 festinemus
1057 651 1176 684 audire

45 720 139 753 illam
172 733 190 753 a
212 718 366 752 Domino
399 727 431 751 et
453 719 627 752 Salvatore
656 727 775 751 nostro
800 728 938 754 vocem,
969 727 1034 759 qua
1052 714 1089 757 ²>
1114 714 1176 746 ait:

0 801 1 804 =
45 780 146 826 „ipse
169 790 266 827 pater
288 779 394 824 diligit
416 783 520 813 vos:“
544 779 608 824 ipsi
632 779 739 821 gloria
757 777 792 810 in
806 777 939 811 saecula
952 776 1178 810 saeculorum.

48 842 176 877 Amen!

307 1101 701 1141 HOMILIA
757 1100 926 1140 XXV,

208 1200 264 1234 De
286 1200 435 1239 ultione,
461 1212 548 1244 quae
581 1198 617 1232 in
640 1198 838 1233 Madianitis
858 1199 948 1232 facta
972 1207 1028 1231 est.

146 1291 177 1324 1.
207 1290 248 1322 In
271 1289 505 1334 superioribus
527 1288 686 1322 fornicati
709 1299 787 1322 sunt
809 1288 871 1321 filii
882 1289 986 1322 Israel
1011 1301 1088 1321 cum
1110 1300 1186 1321 mu—

54 1351 194 1385 lieribus
213 1349 499 1390 madianitarum,
525 1360 557 1383 et
578 1351 645 1383 hoc
668 1352 732 1384 fuit
754 1351 955 1384 scandalum
978 1350 1056 1383 filiis
1075 1350 1189 1390 Israel,

55 1413 91 1446 in
117 1426 186 1458 quo
213 1412 434 1445 offenderunt
452 1412 586 1452 Deum,
621 1422 654 1446 ct
678 1414 720 1446 ad
742 1411 954 1446 iracundiam
979 1425 1188 1457 provocave-

57 1483 140 1508 runt
166 1483 320 1507 sanctum
354 1473 466 1508 Israel.
519 1462 621 1507 Nunc
652 1484 765 1508 autem
796 1484 1020 1519 posteaquam
1051 1474 1192 1520 pertulit

59 1535 180 1576 lsrael,
202 1548 290 1581 quae
304 1534 341 1579 3)
364 1535 522 1580 pertulit:
546 1535 704 1576 „locutus
721 1536 758 1582 ⁴)
783 1545 849 1577 est,
872 1536 995 1581 inquit,
1020 1536 1193 1569 Dominus

60 1598 105 1631 ad
126 1597 268 1636 Mosen,
299 1595 430 1629 dicens:
461 1595 625 1630 ulciscere
655 1598 821 1631 ultionem
846 1598 999 1632 filiorum
1025 1598 1127 1631 Israel
1151 1599 1194 1630 de

59 1657 275 1698 Madianitis,
299 1666 333 1690 et
354 1659 397 1691 ad
418 1657 578 1691 ultimum
602 1659 785 1704 apponeris
809 1661 852 1692 ad
875 1661 1045 1705 populum
1066 1663 1196 1692 tuum.“

64 1721 170 1764 Igitur
191 1719 367 1760 scandala,
397 1732 483 1764 quae
513 1719 709 1754 occiderant
732 1721 907 1761 Israelitis,
939 1722 1101 1765 quoniam
1126 1730 1195 1754 ter-

63 1780 567 1824 giversatione‘Madianitarum
592 1782 802 1815 acciderant:
825 1782 891 1827 ipsi
915 1784 1006 1816 enim
1029 1784 1198 1817 suborna-

66 1852 187 1877 verunt
209 1841 377 1883 mulieres,
399 1855 486 1887 quae
510 1855 567 1877 eos
593 1844 798 1889 deciperent,
820 1854 858 1877 ut
881 1854 1063 1889 peccarent
1080 1858 1195 1878 coram

166 1992 201 2036 ¹)
224 1992 331 2027 Deest
354 1998 471 2034 „nos“
495 1994 530 2027 in
553 1996 624 2028 sola
650 1996 701 2028 ed.
726 1993 844 2029 Ruaei.

163 2047 201 2094 2)
224 2049 314 2083 Edd.
328 2049 484 2083 Merlini:
507 2063 594 2095 „qua
619 2050 664 2084 ait
682 2051 768 2096 ipse:
793 2061 890 2096 pater
914 2050 1022 2093 diligit
1046 2055 1125 2086 vos“
1140 2061 1197 2086 etc-

71 2113 113 2120 —-
139 2093 210 2127 Cfr.
234 2107 282 2128 ev.
303 2095 430 2128 Joann.
454 2095 548 2135 XVI,
568 2097 622 2131 27.

164 2149 202 2192 ³)
226 2148 312 2182 Cod.
348 2151 453 2183 sancti
490 2151 717 2186 Theodorici:
753 2165 868 2197 „quac
906 2167 968 2197 pro
1008 2154 1097 2187 facto
1137 2167 1198 2187 suo

73 2194 195 2228 meruit
214 2195 378 2239 perpeti.“
425 2196 463 2228 R.

166 2247 202 2293 ⁴)
226 2250 329 2283 Num.
351 2251 484 2294 XXXI,
508 2257 537 2290 1.
561 2254 592 2287 2.
