1427 2460
375 99 411 122 m
436 88 613 120 Nummos
638 86 797 119 HomimA
815 88 876 120 IX.
1151 87 1193 120 91

64 178 277 220 fragrantiam
293 177 326 221 ¹)
351 177 604 211 misericordiae
628 186 660 209 et
684 177 896 219 benignitatis
921 178 1108 210 effundere.
1142 177 1194 208 Ad

65 241 222 274 ultimum
247 253 384 285 quoque
407 242 504 273 affert
527 240 627 272 etiam
649 241 778 272 fructus
802 237 958 284 justitiae,
980 238 1102 283 quibus
1124 251 1197 271 non

64 304 176 336 solum
200 302 270 346 ipse
293 301 388 341 vivat,
410 302 469 334 sed
495 310 525 334 et
549 301 620 334 aliis
643 302 804 346 praebeat
827 300 937 334 vitam.
993 300 1081 333 Cum
1106 299 1197 333 enim

67 364 109 397 ad
131 365 318 408 perfectum
351 363 497 403 venerit,
531 373 563 396 et
591 363 771 408 protulerit
804 376 842 396 ex
870 376 904 396 se
935 363 1076 395 verbum
1107 361 1198 401 fidei,

66 426 206 457 verbum
229 424 387 457 scientiae
411 425 495 464 Dei,
520 435 552 458 et
575 425 659 458 alios
682 424 902 464 lucrifecerit,
938 425 1004 456 hoc
1041 433 1088 457 est
1111 433 1197 456 attu—

67 486 140 519 lisse
164 487 301 526 fructus,
327 486 447 530 quibus
471 487 527 519 alii
549 487 750 519 nutriantur.
798 486 855 518 Sic
880 498 958 527 ergo
978 485 1100 526 singuli
1125 484 1200 529 qui-

67 561 132 591 que
158 547 367 580 credentium
393 549 435 581 de
459 549 549 590 virga
573 549 700 588 Aaron,
725 547 783 592 qui
807 546 959 580 Christus
986 557 1048 587 est,
1080 545 1201 590 germi-

67 617 208 641 nantur:
247 622 395 653 quorum
427 620 574 654 quatuor
604 610 685 643 istae
716 608 929 643 differentiae
952 609 987 641 in
1012 608 1084 642 aliis
1108 608 1201 642 Scri-

67 679 188 714 pturae
210 670 295 703 locis
319 671 410 703 velut
425 680 546 704 aetates
567 681 714 715 quatuor
729 671 962 713 designantur:
989 684 1070 715 quas
1093 671 1201 703 Joan-

69 745 128 764 nes
153 732 327 776 apostolus
351 732 386 764 in
410 731 554 776 epistola
578 747 636 766 sua
653 733 867 766 distinctione
885 734 1021 780 mystica
1046 744 1204 775 compre-

71 793 197 834 hendit,
221 793 266 826 ait
292 793 398 826 enim:
424 793 555 832 „scribo
569 793 605 838 ²)
630 794 723 828 vobis
748 794 885 838 pueri:“
910 804 958 827 et:
984 793 1116 834 „scribo
1144 806 1204 825 vo-

69 854 119 887 his
144 856 413 888 adolescentes:“
443 865 492 888 et:
525 856 658 895 „scribo
692 857 788 889 vobis
818 861 960 901 patres.“
1012 856 1051 887 In
1083 855 1205 899 quibus

70 916 186 960 utique
209 930 282 949 non
307 918 502 961 corporales
526 927 658 958 aetates,
682 919 742 951 sed
759 918 891 951 animae
905 918 1123 962 profectuum
1139 916 1206 948 dif-

71 977 227 1011 serentias
251 978 366 1022 ponit,
400 987 439 1011 ut
469 979 567 1012 etiam
596 978 632 1011 in
664 980 730 1012 hoc
761 979 977 1013 sacerdotalis
1001 978 1112 1020 virgae
1135 989 1208 1018 ger-

71 1039 164 1072 mine
188 1039 437 1074 observavimus
461 1041 637 1083 designari.
676 1041 856 1074 Habentur
881 1053 960 1083 ergo
985 1041 1069 1073 haec
1093 1038 1209 1072 omnia

73 1114 146 1134 non
169 1110 237 1134 tam
261 1101 297 1134 in
322 1101 410 1144 virga
435 1104 562 1143 Aaron,
585 1116 687 1147 quam
711 1103 746 1136 in
771 1116 808 1136 ea
833 1103 940 1148 virga,
975 1115 1061 1146 quae
1086 1100 1209 1143 exiitss)

76 1163 118 1195 de
141 1162 254 1195 radice
278 1163 387 1196 Jesse:
420 1173 452 1196 et
478 1164 540 1197 flos
574 1165 616 1197 de
640 1164 754 1197 radice
784 1163 855 1209 ejus
886 1164 1078 1203 adscendit,
1106 1175 1211 1206 super

78 1238 179 1269 quem
203 1223 365 1268 requievit
389 1224 523 1268 spiritus
555 1225 629 1257 Dei.
689 1225 728 1257 ln
754 1238 823 1270 quo
849 1238 911 1258 nec
937 1226 1003 1258 hoc
1025 1225 1137 1269 ipsum
1163 1224 1210 1257 vi-

77 1288 176 1318 detur
200 1285 356 1325 otiosum,
381 1286 476 1329 quod
501 1286 589 1318 exire
615 1286 737 1320 dicitur
752 1287 851 1328 virga,
877 1296 907 1319 et
923 1287 1210 1320 ssosadscenderc.

77 1347 238 1393 Quamvis
263 1346 352 1378 enim
376 1360 464 1379 unus
487 1347 528 1379 sit
554 1347 703 1381 Christus
727 1362 789 1392 per
812 1347 1046 1386 substantiam,
1075 1347 1212 1389 singulis

75 1417 186 1441 tamen
212 1396 365 1440 diversus‘
384 1407 545 1450 efficitur,
579 1418 684 1453 prout
709 1409 838 1451 indiget
860 1409 902 1449 is,
934 1409 968 1442 in
995 1423 1063 1454 quo
1091 1423 1212 1453 opera-

75 1480 140 1508 tur,
188 1468 257 1519 Qui
289 1482 367 1510 ergo
398 1470 533 1511 segnior
557 1479 605 1503 est
629 1480 660 1503 et
685 1471 922 1513 negligentior,
946 1485 1011 1515 pro
1037 1470 1215 1516 disciplina

76 1532 115 1565 fit
138 1531 169 1564 ei
194 1530 347 1564 Christus
370 1530 477 1573 virga,
511 1541 544 1565 ct
572 1533 608 1566 in
641 1531 732 1574 virga
754 1547 827 1566 non
851 1535 1059 1567 adscendere
1083 1533 1216 1572 dicitur,

76 1594 136 1627 sed
160 1594 259 1626 exire.
304 1593 509 1627 Exeundum
533 1607 683 1639 namque
708 1604 756 1629 est
779 1596 826 1634 ei,
857 1594 915 1639 qui
938 1594 1028 1628 iners
1053 1604 1086 1627 et
1109 1595 1216 1636 segnis

78 1665 126 1689 est
148 1657 192 1689 de
215 1668 256 1688 eo
281 1664 385 1696 statu,
411 1655 446 1688 in
472 1669 541 1701 quo
566 1669 639 1689 non
664 1665 755 1689 recte
779 1657 945 1696 consistit,
982 1666 1013 1690 et
1035 1666 1215 1689 transeun-

79 1718 162 1750 dum
188 1717 231 1749 ad
255 1716 360 1749 alium
382 1726 523 1756 statum,
560 1727 722 1762 tanquam
754 1717 842 1760 virga
867 1719 1064 1762 compulso,
1097 1717 1132 1750 id
1159 1726 1216 1756 cst,

79 1776 251 1810 severitate
276 1777 451 1811 doctrinae
474 1777 643 1819 rigidioris
668 1780 857 1813 admonito.
914 1780 985 1823 Qui
1009 1792 1089 1812 vero
1112 1777 1218 1824 justus

81 1847 138 1879 est,
163 1837 242 1883 quia
266 1837 372 1888 justus
397 1840 483 1872 sicut
506 1841 619 1885 palma
642 1841 808 1886 floret‚‘²)
844 1843 880 1875 in
910 1843 978 1874 hoc
1012 1841 1219 1873 adscendere

79 1899 204 1933 (licitur
227 1899 390 1933 Christus.
439 1900 496 1934 Sic
520 1915 599 1944 ergo
625 1902 683 1946 qui
707 1903 903 1936 verberibus
926 1903 1064 1945 indiget,
1088 1904 1152 1936 exit
1176 1903 1218 1935 ad

81 1975 159 1995 eum
184 1961 290 2003 virga:
316 1961 375 2006 qui
397 1971 509 1995 autem
533 1963 670 2007 proficit
700 1965 743 1997 ad
767 1963 945 2009 justitiam,
975 1965 1150 1999 adscendit
1184 1963 1220 1997 in

178 2108 212 2150 ¹)
236 2108 326 2140 Edd.
349 2106 490 2141 Merlini
513 2111 624 2142 male:
647 2109 868 2151 flagrantiam.

174 2164 212 2208 ²)
239 2163 311 2197 Cfr.
335 2164 351 2195 I
374 2162 500 2198 Joann.
524 2165 569 2207 ΙΙ,
593 2166 645 2200 12.
670 2165 722 2200 13.
747 2166 798 2199 14.

174 2219 212 2263 ³)
235 2219 336 2253 Jesai.
360 2220 422 2261 XI,
452 2221 481 2253 ’1.
506 2223 537 2255 2,

177 2275 212 2319 ⁴)
239 2275 308 2310 Cfr.
333 2276 457 2309 Psalm.
481 2276 590 2317 XCII,
616 2278 668 2312 12.
694 2277 825 2322 (XCI.)
