1427 2460
189 66 254 100 172
673 66 848 100 Omcnms

188 156 400 200 convertit¹)
424 170 458 207 se
479 155 565 189 sicut
588 158 743 198 angelum
770 158 869 197 lucis,
901 158 1067 190 contraria
1098 167 1146 190 est
1168 158 1216 191 ini
1240 159 1318 200 luci,

188 231 274 263 quae
299 218 446 250 dicebat:
469 217 565 260 „Ego
579 218 615 262 ²)
638 232 712 251 sum
736 220 793 252 lux
814 218 973 252 mundi:“
997 219 1042 252 ita
1069 228 1101 251 et
1123 219 1183 253 iste
1207 220 1319 253 oriens

188 280 375 313 contrarius
407 289 454 312 est
484 279 534 311 illi
564 279 704 320 orienti,
743 282 786 312 de
818 293 886 324 quo
911 281 1073 325 scriptum
1106 290 1161 315 est·
1182 281 1217 313 in
1250 281 1318 313 Za-

188 341 318 375 charia:
347 340 495 384 „eece³)
525 340 593 382 vir,
629 340 753 374 Oriens
776 354 902 374 nomen
937 341 1007 388 ejus
1039 347 1118 377 est.“
1154 343 1205 376 Ex
1229 341 1318 375 illius

186 415 278 444 crgo,
299 416 373 436 non
396 401 496 448 hujus
521 402 658 436 orientis
680 403 805 437 finibus
827 404 983 437 veniebat
1008 404 1167 444 Balaam,
1189 403 1318 437 illumi-

184 473 283 498 natus
306 464 377 498 sine
401 463 508 498 dubio
534 465 576 497 ab
600 464 660 498 illo
686 465 863 506 Lucifero,
885 466 928 499 de
953 479 1022 511 quo
1048 465 1188 499 dicitnr:
1210 478 1321 510 „quo-

184 527 291 559 modo
305 526 341 570 4)
366 525 486 559 cecidit
507 527 554 559 -de
579 528 676 560 coelo
700 522 846 567 Lucifer,
871 528 929 572 qui
951 541 1051 561 mane
1074 526 1296 561 oriebatur?“

272 589 304 622 2.
331 588 400 621 Sed
432 587 622 628 videamus,
655 590 738 634 quid
772 590 853 623 dicit
880 589 930 622 illi
959 590 1086 624 Balach
1119 602 1176 622 rex
1197 589 1316 629 Moab,

184 649 243 694 qui
269 650 438 683 accersivit
462 664 539 684 eum
567 665 584 684 e
609 651 722 685 medio
739 652 919 685 fluminum
946 653 988 684 de
1004 650 1178 684 montibus
1203 650 1314 684 orien-

182 712 232 745 tis.
277 711 446 756 „Veni,⁵)
470 713 591 757 inquit,
616 723 646 746 et
670 713 816 747 maledic
840 713 921 746 mihi
944 712 1066 755 ngcob,
1090 722 1122 746 et
1134 712 1220 751 veni,
1245 726 1318 746 ma—

184 773 271 806 ledic
295 773 379 806 mihi
402 774 534 808 IsraeI.“
582 775 620 807 In
645 775 752 808 latinis
782 777 995 809 sermonibus
1028 788 1117 819 pene
1145 774 1317 819 superflua

182 837 315 868 videtur
340 849 408 869 esse
431 836 598 880 repetitio,
622 850 710 881 quae
734 836 794 870 ait:
817 837 984 877 „maledic
997 838 1080 870 mihi
1093 837 1214 876 Jacob,
1238 835 1317 878 etff)

182 898 328 930 maledic
353 898 436 931 mihi
460 898 593 931 Israel.“
641 898 709 931 Sed
737 908 784 932 est
807 899 841 932 in
868 899 1007 932 Graecis
1033 897 1136 931 literis
1164 899 1228 931 sub
1252 911 1315 930 no—

185 960 277 992 mine
300 960 402 993 Israel
425 961 461 993 in
476 959 511 1004 7)
544 960 771 993 maledicendi
799 963 903 994 verbo
934 959 1196 1005 praepositionis
1221 958 1314 1005 adje—

183 1021 270 1061 ctio,
303 1034 403 1066 quam
427 1014 535 1056 nostri
557 1022 609 1055 vel
633 1022 743 1056 minus
769 1025 927 1056 decenter
950 1022 1016 1054 dici
1041 1023 1232 1061 credentes,
1263 1022 1314 1054 vel

182 1083 312 1115 nullam
344 1083 410 1116 vim
448 1083 653 1128 dictionis³>
683 1085 763 1117 addi
797 1098 833 1116 ex
866 1084 931 1117 hoc
956 1097 1055 1129 posse
1079 1084 1316 1131 existimantes,

182 1144 378 1178 omiserunt.
433 1146 506 1178 Nos
536 1154 647 1178 autem
676 1158 870 1178 sermonem
894 1146 972 1178 licet
995 1154 1113 1178 eontra
1135 1153 1314 1177 consuetu-

182 1206 297 1239 dinem
321 1207 495 1249 fingimus,
528 1217 565 1240 ut
595 1220 729 1240 sensum
755 1222 791 1240 ex
816 1207 947 1248 integro
972 1205 1178 1249 colligamus.
1231 1205 1315 1238 Pot-

181 1278 229 1301 est
253 1281 331 1310 ergo
356 1268 440 1301 dici:
465 1269 579 1308 „veui,
594 1268 629 1311 ⁹)
659 1269 804 1302 maledic
828 1270 911 1302 mihi
934 1269 1062 1309 Jacob,
1089 1279 1120 1302 et
1142 1268 1236 1308 veni,
1259 1282 1315 1302 su-

180 1330 388 1374 permaledic
420 1330 503 1362 mihi
535 1331 668 1363 Israel.“
729 1331 796 1363 Per
836 1331 928 1375 quod
964 1326 1157 1364 ostenditun'
1184 1329 1313 1362 idcirco

148 1424 150 1427 ,
180 1405 291 1425 sermo
315 1391 485 1436 repetitus,
509 1401 547 1424 ut
571 1393 739 1436 ampliore
761 1392 802 1431 vi,
827 1402 858 1425 et
880 1391 1009 1437 majore
1033 1390 1315 1425 intentione'ma-

180 1453 397 1486 ledictionem
431 1454 466 1487 in
500 1453 759 1497 Israelsquam
794 1454 829 1486 in
860 1453 969 1486 Jacob
994 1453 1122 1486 Balach
1145 1453 1316 1486 videretur

182 1528 371 1560 exposcere.
417 1515 542 1547 Donec
566 1516 655 1548 enim
682 1515 756 1559 quis
780 1524 909 1547 tantum
933 1516 1044 1547 Jacob
1070 1524 1132 1556 est,
1165 1515 1232 1548 hoc
1256 1525 1314 1555 est,

180 1577 215 1609 in
247 1578 375 1610 actibus
399 1578 510 1610 solum
538 1586 570 1609 et
603 1579 762 1622 operibus
785 1578 934 1621 positus,
966 1576 1184 1610 inferioribus
1207 1578 1313 1610 male-

181 1638 385 1671 dictionibus
408 1638 633 1683 impugnatur.
689 1639 758 1671 Ubi
789 1648 899 1671 autem
933 1639 1134 1683 profecerit,
1167 1648 1198 1671 et
1225 1639 1312 1671 inte-

181 1700 307 1733 riorem
343 1701 518 1734 hominem
556 1701 599 1733 ad
638 1700 820 1734 videndum
859 1700 973 1733 Deum
1008 1702 1155 1733 revelato
1193 1700 1313 1734 mentis

274 1822 309 1866 1)
335 1822 406 1859 Cfr.
429 1823 461 1855 II
485 1823 564 1858 Cor.
588 1825 647 1865 XI,
672 1827 724 1859 14.

270 1879 306 1923 2)
332 1879 390 1913 Ev.
415 1878 541 1914 Joann.
566 1881 657 1921 VIII,
682 1883 735 1915 12.

270 1934 307 1976 ³)
329 1935 472 1970 Zachar.
496 1937 553 1977 VI,
579 1939 630 1972 12.
726 1937 762 1981 4)
785 1938 884 1971 Jesai.
908 1939 1000 1978 X1V,
1028 1939 1076 1971 12.

268 1990 304 2034 ⁵)
328 1992 430 2025 Num.
455 1991 584 2031 XXIII,
608 1993 638 2026 7.

268 2047 305 2090 6)
330 2047 434 2081 Deest
455 2053 530 2088 „et“
554 2050 589 2082 in
614 2050 690 2083 edd.
717 2050 764 2083 M.
790 2070 831 2076 -—·
857 2050 927 2083 Cfr.
952 2051 1053 2084 Num.
1081 2050 1209 2090 XXIII,
1233 2051 1263 2086 7.

270 2102 306 2147 7)
326 2102 419 2154 Ὀοᾶ.
445 2104 659 2149 Corbejensis
684 2106 818 2152 (itemq.
844 2108 919 2140 edd.
946 2106 1032 2150 M.):
1056 2106 1111 2146 „in
1128 2107 1308 2139 maledicto

202 2161 256 2181 rae
285 2148 470 2182 ositionis.“
494 2149 534 2182 R.

177 2162 198 2192 p
259 2162 307 2247 z)
334 2205 421 2237 Edd.
444 2205 600 2239 Merlini:
626 2206 776 2239 dictioni.

270 2259 306 2303 ⁹)
333 2259 400 2294 Cfr.
425 2261 527 2294 Num.
553 2261 683 2301 XXIII,
707 2263 736 2296 7.
