<?xml version="1.0" encoding="UTF-8"?>
<!DOCTYPE html PUBLIC "-//W3C//DTD XHTML 1.0 Transitional//EN"
    "http://www.w3.org/TR/xhtml1/DTD/xhtml1-transitional.dtd">
<html xmlns="http://www.w3.org/1999/xhtml" xml:lang="en" lang="en">
 <head>
  <title>
</title>
<meta http-equiv="Content-Type" content="text/html;charset=utf-8" />
  <meta name='ocr-system' content='tesseract 3.04.00' />
  <meta name='ocr-capabilities' content='ocr_page ocr_carea ocr_par ocr_line ocrx_word'/>
</head>
<body>
  <div class='ocr_page' id='page_1' title='image "./operaomniaquaegr10orig/operaomniaquaegr10orig_0056.png"; bbox 0 0 1427 2460; ppageno 0'>
   <div class='ocr_carea' id='block_1_1' title="bbox 229 99 894 137">
    <p class='ocr_par' dir='ltr' id='par_1_1' title="bbox 229 99 894 137">
     <span class='ocr_line' id='line_1_1' title="bbox 229 99 894 137; baseline -0.005 -1"><span class='ocrx_word' id='word_1_1' title='bbox 229 101 275 137; x_wconf 81' lang='lat'>34</span> <span class='ocrx_word' id='word_1_2' title='bbox 715 99 894 134; x_wconf 73' lang='lat' dir='ltr'>Omems</span> 
     </span>
    </p>
   </div>
   <div class='ocr_carea' id='block_1_2' title="bbox 228 187 1407 1839">
    <p class='ocr_par' dir='ltr' id='par_1_2' title="bbox 228 187 1407 1397">
     <span class='ocr_line' id='line_1_2' title="bbox 231 187 1372 240; baseline -0.005 -14"><span class='ocrx_word' id='word_1_3' title='bbox 231 195 365 233; x_wconf 79' lang='lat' dir='ltr'>Aaron,</span> <span class='ocrx_word' id='word_1_4' title='bbox 401 191 522 236; x_wconf 85' lang='lat' dir='ltr'>quibus</span> <span class='ocrx_word' id='word_1_5' title='bbox 555 189 738 224; x_wconf 76' lang='lat' dir='ltr'>sacerdotii</span> <span class='ocrx_word' id='word_1_6' title='bbox 767 202 901 224; x_wconf 85' lang='lat' dir='ltr'>summa</span> <span class='ocrx_word' id='word_1_7' title='bbox 925 188 1184 240; x_wconf 58' lang='lat' dir='ltr'>committitur..</span> <span class='ocrx_word' id='word_1_8' title='bbox 1221 187 1272 220; x_wconf 81' lang='lat' dir='ltr'>Ex</span> <span class='ocrx_word' id='word_1_9' title='bbox 1295 187 1372 232; x_wconf 85' lang='lat' dir='ltr'>ipso</span> 
     </span>
     <span class='ocr_line' id='line_1_3' title="bbox 230 250 1374 291; baseline -0.005 -3"><span class='ocrx_word' id='word_1_10' title='bbox 230 254 319 288; x_wconf 88' lang='lat' dir='ltr'>enim</span> <span class='ocrx_word' id='word_1_11' title='bbox 344 254 492 287; x_wconf 78' lang='lat' dir='ltr'>nascitur</span> <span class='ocrx_word' id='word_1_12' title='bbox 517 253 676 286; x_wconf 78' lang='lat' dir='ltr'>Amram:</span> <span class='ocrx_word' id='word_1_13' title='bbox 711 265 749 285; x_wconf 89' lang='lat' dir='ltr'>ex</span> <span class='ocrx_word' id='word_1_14' title='bbox 781 253 921 284; x_wconf 79' lang='lat' dir='ltr'>Amram</span> <span class='ocrx_word' id='word_1_15' title='bbox 945 260 1058 286; x_wconf 77' lang='lat' dir='ltr'>autem</span> <span class='ocrx_word' id='word_1_16' title='bbox 1080 251 1214 291; x_wconf 83' lang='lat' dir='ltr'>Moses,</span> <span class='ocrx_word' id='word_1_17' title='bbox 1246 259 1280 283; x_wconf 88' lang='lat' dir='ltr'>et</span> <span class='ocrx_word' id='word_1_18' title='bbox 1303 250 1374 282; x_wconf 86' lang='lat' dir='ltr'>Aa-</span> 
     </span>
     <span class='ocr_line' id='line_1_4' title="bbox 228 310 1374 358; baseline -0.004 -9"><span class='ocrx_word' id='word_1_19' title='bbox 228 329 304 350; x_wconf 86' lang='lat' dir='ltr'><strong>ron.</strong></span> <span class='ocrx_word' id='word_1_20' title='bbox 352 315 531 349; x_wconf 82' lang='lat' dir='ltr'>Secundus</span> <span class='ocrx_word' id='word_1_21' title='bbox 556 313 687 357; x_wconf 79' lang='lat' dir='ltr'>crgo¹)</span> <span class='ocrx_word' id='word_1_22' title='bbox 721 322 770 347; x_wconf 81' lang='lat' dir='ltr'>est</span> <span class='ocrx_word' id='word_1_23' title='bbox 793 312 946 353; x_wconf 83' lang='lat' dir='ltr'>Gerson,</span> <span class='ocrx_word' id='word_1_24' title='bbox 980 314 1038 358; x_wconf 88' lang='lat' dir='ltr'>qui</span> <span class='ocrx_word' id='word_1_25' title='bbox 1067 312 1199 358; x_wconf 85' lang='lat' dir='ltr'>primus</span> <span class='ocrx_word' id='word_1_26' title='bbox 1235 310 1374 356; x_wconf 83' lang='lat' dir='ltr'>quidem</span> 
     </span>
     <span class='ocr_line' id='line_1_5' title="bbox 231 372 1375 417; baseline -0.004 -6"><span class='ocrx_word' id='word_1_27' title='bbox 231 379 267 411; x_wconf 91' lang='lat' dir='ltr'>in</span> <span class='ocrx_word' id='word_1_28' title='bbox 291 377 482 417; x_wconf 78' lang='lat' dir='ltr'>nativitate,</span> <span class='ocrx_word' id='word_1_29' title='bbox 515 376 573 408; x_wconf 83' lang='lat' dir='ltr'>scd</span> <span class='ocrx_word' id='word_1_30' title='bbox 598 375 768 408; x_wconf 85' lang='lat' dir='ltr'>secundus</span> <span class='ocrx_word' id='word_1_31' title='bbox 791 374 936 408; x_wconf 75' lang='lat' dir='ltr'>habetur</span> <span class='ocrx_word' id='word_1_32' title='bbox 958 374 994 407; x_wconf 84' lang='lat' dir='ltr'>in</span> <span class='ocrx_word' id='word_1_33' title='bbox 1019 375 1151 408; x_wconf 85' lang='lat' dir='ltr'>ordine.</span> <span class='ocrx_word' id='word_1_34' title='bbox 1200 373 1258 407; x_wconf 92' lang='lat' dir='ltr'>Sic</span> <span class='ocrx_word' id='word_1_35' title='bbox 1283 372 1375 406; x_wconf 86' lang='lat' dir='ltr'>enim</span> 
     </span>
     <span class='ocr_line' id='line_1_6' title="bbox 233 435 1376 483; baseline -0.003 -12"><span class='ocrx_word' id='word_1_36' title='bbox 233 439 408 483; x_wconf 71' lang='lat' dir='ltr'>Scriptura</span> <span class='ocrx_word' id='word_1_37' title='bbox 442 437 540 471; x_wconf 81' lang='lat' dir='ltr'>dicit:</span> <span class='ocrx_word' id='word_1_38' title='bbox 575 437 707 481; x_wconf 79' lang='lat' dir='ltr'>„filii²)</span> <span class='ocrx_word' id='word_1_39' title='bbox 739 446 851 470; x_wconf 85' lang='lat' dir='ltr'>autem</span> <span class='ocrx_word' id='word_1_40' title='bbox 882 436 981 469; x_wconf 80' lang='lat' dir='ltr'>Levi:</span> <span class='ocrx_word' id='word_1_41' title='bbox 1021 435 1177 476; x_wconf 88' lang='lat' dir='ltr'>Gerson,</span> <span class='ocrx_word' id='word_1_42' title='bbox 1205 435 1314 469; x_wconf 84' lang='lat' dir='ltr'>Caath</span> <span class='ocrx_word' id='word_1_43' title='bbox 1343 443 1376 467; x_wconf 82' lang='lat' dir='ltr'>et</span> 
     </span>
     <span class='ocr_line' id='line_1_7' title="bbox 230 495 1375 538; baseline -0.003 -6"><span class='ocrx_word' id='word_1_44' title='bbox 230 500 392 536; x_wconf 70' lang='lat' dir='ltr'>B1e1·nri.“</span> <span class='ocrx_word' id='word_1_45' title='bbox 438 500 507 533; x_wconf 85' lang='lat' dir='ltr'>Sed</span> <span class='ocrx_word' id='word_1_46' title='bbox 531 495 569 533; x_wconf 61' lang='grc' dir='ltr'><em>ἃ</em></span> <span class='ocrx_word' id='word_1_47' title='bbox 591 499 669 533; x_wconf 85' lang='lat' dir='ltr'>filiis</span> <span class='ocrx_word' id='word_1_48' title='bbox 695 498 804 531; x_wconf 79' lang='lat' dir='ltr'>Caath</span> <span class='ocrx_word' id='word_1_49' title='bbox 825 500 895 532; x_wconf 93' lang='lat' dir='ltr'>duo</span> <span class='ocrx_word' id='word_1_50' title='bbox 921 511 1037 531; x_wconf 89' lang='lat' dir='ltr'>rursus</span> <span class='ocrx_word' id='word_1_51' title='bbox 1061 497 1198 531; x_wconf 82' lang='lat' dir='ltr'>ordines</span> <span class='ocrx_word' id='word_1_52' title='bbox 1222 496 1375 538; x_wconf 74' lang='lat' dir='ltr'>dirigun-</span> 
     </span>
     <span class='ocr_line' id='line_1_8' title="bbox 232 556 1374 607; baseline -0.003 -13"><span class='ocrx_word' id='word_1_53' title='bbox 232 571 296 602; x_wconf 78' lang='lat' dir='ltr'>tur,</span> <span class='ocrx_word' id='word_1_54' title='bbox 323 571 355 594; x_wconf 85' lang='lat' dir='ltr'>et</span> <span class='ocrx_word' id='word_1_55' title='bbox 378 562 401 594; x_wconf 83' lang='lat' dir='ltr'>ii</span> <span class='ocrx_word' id='word_1_56' title='bbox 426 562 583 607; x_wconf 84' lang='lat' dir='ltr'>quidem,</span> <span class='ocrx_word' id='word_1_57' title='bbox 615 561 672 606; x_wconf 88' lang='lat' dir='ltr'>qui</span> <span class='ocrx_word' id='word_1_58' title='bbox 708 574 746 593; x_wconf 82' lang='lat' dir='ltr'>ex</span> <span class='ocrx_word' id='word_1_59' title='bbox 779 562 897 593; x_wconf 82' lang='lat' dir='ltr'>Aaron</span> <span class='ocrx_word' id='word_1_60' title='bbox 922 561 1149 600; x_wconf 83' lang='lat' dir='ltr'>descendunt,</span> <span class='ocrx_word' id='word_1_61' title='bbox 1181 556 1374 592; x_wconf 80' lang='lat' dir='ltr'>sacerdotio</span> 
     </span>
     <span class='ocr_line' id='line_1_9' title="bbox 232 620 1378 669; baseline -0.003 -13"><span class='ocrx_word' id='word_1_62' title='bbox 232 624 490 669; x_wconf 53' lang='lat' dir='ltr'>manciffmntur,</span> <span class='ocrx_word' id='word_1_63' title='bbox 530 637 608 668; x_wconf 74' lang='lat' dir='ltr'>pars</span> <span class='ocrx_word' id='word_1_64' title='bbox 644 636 725 656; x_wconf 78' lang='lat' dir='ltr'>vero</span> <span class='ocrx_word' id='word_1_65' title='bbox 761 623 890 667; x_wconf 81' lang='lat' dir='ltr'>reliqua</span> <span class='ocrx_word' id='word_1_66' title='bbox 915 623 957 655; x_wconf 86' lang='lat' dir='ltr'>ad</span> <span class='ocrx_word' id='word_1_67' title='bbox 982 620 1243 654; x_wconf 74' lang='lat' dir='ltr'>ministrandum</span> <span class='ocrx_word' id='word_1_68' title='bbox 1265 631 1378 653; x_wconf 84' lang='lat' dir='ltr'>sacer-</span> 
     </span>
     <span class='ocr_line' id='line_1_10' title="bbox 233 682 1376 729; baseline -0.003 -11"><span class='ocrx_word' id='word_1_69' title='bbox 233 686 369 720; x_wconf 86' lang='lat' dir='ltr'>dotibus</span> <span class='ocrx_word' id='word_1_70' title='bbox 394 686 581 725; x_wconf 77' lang='lat' dir='ltr'>ordinatur,</span> <span class='ocrx_word' id='word_1_71' title='bbox 606 695 637 718; x_wconf 88' lang='lat' dir='ltr'>et</span> <span class='ocrx_word' id='word_1_72' title='bbox 662 685 790 718; x_wconf 83' lang='lat' dir='ltr'>ideirco</span> <span class='ocrx_word' id='word_1_73' title='bbox 816 685 852 717; x_wconf 88' lang='lat' dir='ltr'>in</span> <span class='ocrx_word' id='word_1_74' title='bbox 878 693 1027 729; x_wconf 82' lang='lat' dir='ltr'>quatuor</span> <span class='ocrx_word' id='word_1_75' title='bbox 1050 691 1162 728; x_wconf 78' lang='lat' dir='ltr'>partes</span> <span class='ocrx_word' id='word_1_76' title='bbox 1182 682 1376 715; x_wconf 71' lang='lat' dir='ltr'>Levitarum</span> 
     </span>
     <span class='ocr_line' id='line_1_11' title="bbox 234 745 1376 790; baseline -0.004 -10"><span class='ocrx_word' id='word_1_77' title='bbox 234 747 430 781; x_wconf 78' lang='lat' dir='ltr'>dividuntur</span> <span class='ocrx_word' id='word_1_78' title='bbox 455 747 584 787; x_wconf 81' lang='lat' dir='ltr'>officia,</span> <span class='ocrx_word' id='word_1_79' title='bbox 616 756 654 779; x_wconf 91' lang='lat' dir='ltr'>ut</span> <span class='ocrx_word' id='word_1_80' title='bbox 688 747 878 780; x_wconf 73' lang='lat' dir='ltr'>sacerdotio</span> <span class='ocrx_word' id='word_1_81' title='bbox 912 746 1051 790; x_wconf 84' lang='lat' dir='ltr'>quidem</span> <span class='ocrx_word' id='word_1_82' title='bbox 1092 745 1279 787; x_wconf 82' lang='lat' dir='ltr'>fungantur</span> <span class='ocrx_word' id='word_1_83' title='bbox 1308 745 1376 776; x_wconf 86' lang='lat' dir='ltr'>Aa—</span> 
     </span>
     <span class='ocr_line' id='line_1_12' title="bbox 233 805 1376 854; baseline -0.003 -14"><span class='ocrx_word' id='word_1_84' title='bbox 233 822 297 841; x_wconf 89' lang='lat' dir='ltr'>ron</span> <span class='ocrx_word' id='word_1_85' title='bbox 324 818 356 841; x_wconf 82' lang='lat' dir='ltr'>et</span> <span class='ocrx_word' id='word_1_86' title='bbox 379 809 439 842; x_wconf 80' lang='lat' dir='ltr'>filii</span> <span class='ocrx_word' id='word_1_87' title='bbox 465 808 551 854; x_wconf 87' lang='lat' dir='ltr'>ejus,</span> <span class='ocrx_word' id='word_1_88' title='bbox 586 819 700 842; x_wconf 81' lang='lat' dir='ltr'>sancta</span> <span class='ocrx_word' id='word_1_89' title='bbox 733 819 845 841; x_wconf 74' lang='lat' dir='ltr'>autem</span> <span class='ocrx_word' id='word_1_90' title='bbox 880 816 1078 840; x_wconf 83' lang='lat' dir='ltr'>sanctorum</span> <span class='ocrx_word' id='word_1_91' title='bbox 1109 815 1146 838; x_wconf 90' lang='lat' dir='ltr'>ut</span> <span class='ocrx_word' id='word_1_92' title='bbox 1179 814 1318 850; x_wconf 83' lang='lat' dir='ltr'>portent</span> <span class='ocrx_word' id='word_1_93' title='bbox 1340 805 1376 838; x_wconf 87' lang='lat' dir='ltr'>in</span> 
     </span>
     <span class='ocr_line' id='line_1_13' title="bbox 234 867 1376 915; baseline -0.002 -14"><span class='ocrx_word' id='word_1_94' title='bbox 234 870 383 903; x_wconf 88' lang='lat' dir='ltr'>humeris</span> <span class='ocrx_word' id='word_1_95' title='bbox 421 872 486 904; x_wconf 84' lang='lat' dir='ltr'>suis</span> <span class='ocrx_word' id='word_1_96' title='bbox 521 870 561 909; x_wconf 88' lang='lat' dir='ltr'>ii,</span> <span class='ocrx_word' id='word_1_97' title='bbox 603 871 661 915; x_wconf 88' lang='lat' dir='ltr'>qui</span> <span class='ocrx_word' id='word_1_98' title='bbox 693 870 815 915; x_wconf 77' lang='lat' dir='ltr'>reliqui</span> <span class='ocrx_word' id='word_1_99' title='bbox 846 879 923 903; x_wconf 87' lang='lat' dir='ltr'>sunt</span> <span class='ocrx_word' id='word_1_100' title='bbox 938 868 975 914; x_wconf 79' lang='lat'>3)</span> <span class='ocrx_word' id='word_1_101' title='bbox 1018 882 1056 902; x_wconf 84' lang='lat' dir='ltr'>ex</span> <span class='ocrx_word' id='word_1_102' title='bbox 1088 869 1222 913; x_wconf 89' lang='lat' dir='ltr'>populo</span> <span class='ocrx_word' id='word_1_103' title='bbox 1257 867 1376 901; x_wconf 77' lang='lat' dir='ltr'>Caath.</span> 
     </span>
     <span class='ocr_line' id='line_1_14' title="bbox 237 929 1375 976; baseline -0.002 -12"><span class='ocrx_word' id='word_1_104' title='bbox 237 931 336 974; x_wconf 82' lang='lat' dir='ltr'>Quae</span> <span class='ocrx_word' id='word_1_105' title='bbox 359 942 470 965; x_wconf 76' lang='lat' dir='ltr'>autem</span> <span class='ocrx_word' id='word_1_106' title='bbox 496 933 537 965; x_wconf 79' lang='lat' dir='ltr'>ad</span> <span class='ocrx_word' id='word_1_107' title='bbox 562 933 820 966; x_wconf 70' lang='lat' dir='ltr'>tabernaculum</span> <span class='ocrx_word' id='word_1_108' title='bbox 841 931 1013 976; x_wconf 74' lang='lat' dir='ltr'>pertinent</span> <span class='ocrx_word' id='word_1_109' title='bbox 1036 929 1231 970; x_wconf 85' lang='lat' dir='ltr'>testimonii,</span> <span class='ocrx_word' id='word_1_110' title='bbox 1255 930 1307 962; x_wconf 89' lang='lat' dir='ltr'>vel</span> <span class='ocrx_word' id='word_1_111' title='bbox 1332 931 1375 962; x_wconf 87' lang='lat' dir='ltr'>ad</span> 
     </span>
     <span class='ocr_line' id='line_1_15' title="bbox 237 993 1378 1039; baseline -0.002 -14"><span class='ocrx_word' id='word_1_112' title='bbox 237 993 319 1026; x_wconf 77' lang='lat' dir='ltr'>atria</span> <span class='ocrx_word' id='word_1_113' title='bbox 345 993 430 1038; x_wconf 81' lang='lat' dir='ltr'>ejus,</span> <span class='ocrx_word' id='word_1_114' title='bbox 462 1004 493 1027; x_wconf 88' lang='lat' dir='ltr'>et</span> <span class='ocrx_word' id='word_1_115' title='bbox 518 995 640 1039; x_wconf 80' lang='lat' dir='ltr'>pelles,</span> <span class='ocrx_word' id='word_1_116' title='bbox 664 995 715 1027; x_wconf 78' lang='lat' dir='ltr'>vel</span> <span class='ocrx_word' id='word_1_117' title='bbox 741 994 843 1027; x_wconf 84' lang='lat' dir='ltr'>etiam</span> <span class='ocrx_word' id='word_1_118' title='bbox 867 994 1072 1033; x_wconf 81' lang='lat' dir='ltr'>velamenta,</span> <span class='ocrx_word' id='word_1_119' title='bbox 1095 1002 1127 1026; x_wconf 88' lang='lat' dir='ltr'>et</span> <span class='ocrx_word' id='word_1_120' title='bbox 1152 1003 1378 1037; x_wconf 83' lang='lat' dir='ltr'>quaecunque</span> 
     </span>
     <span class='ocr_line' id='line_1_16' title="bbox 235 1052 1407 1099; baseline -0.003 -12"><span class='ocrx_word' id='word_1_121' title='bbox 235 1065 314 1088; x_wconf 79' lang='lat' dir='ltr'>sunt</span> <span class='ocrx_word' id='word_1_122' title='bbox 337 1057 448 1089; x_wconf 87' lang='lat' dir='ltr'>minus</span> <span class='ocrx_word' id='word_1_123' title='bbox 473 1058 569 1098; x_wconf 81' lang='lat' dir='ltr'>dura,</span> <span class='ocrx_word' id='word_1_124' title='bbox 594 1066 627 1089; x_wconf 91' lang='lat' dir='ltr'>et</span> <span class='ocrx_word' id='word_1_125' title='bbox 650 1057 694 1090; x_wconf 84' lang='lat' dir='ltr'>ad</span> <span class='ocrx_word' id='word_1_126' title='bbox 720 1069 808 1089; x_wconf 87' lang='lat' dir='ltr'>onus</span> <span class='ocrx_word' id='word_1_127' title='bbox 827 1054 923 1094; x_wconf 82' lang='lat' dir='ltr'>levia,</span> <span class='ocrx_word' id='word_1_128' title='bbox 947 1064 985 1087; x_wconf 89' lang='lat' dir='ltr'>ut</span> <span class='ocrx_word' id='word_1_129' title='bbox 1006 1063 1194 1099; x_wconf 85' lang='lat' dir='ltr'>procurent</span> <span class='ocrx_word' id='word_1_130' title='bbox 1210 1052 1273 1087; x_wconf 88' lang='lat' dir='ltr'>filii</span> <span class='ocrx_word' id='word_1_131' title='bbox 1288 1052 1377 1085; x_wconf 80' lang='lat' dir='ltr'>Ger·</span> <span class='ocrx_word' id='word_1_132' title='bbox 1404 1090 1407 1091; x_wconf 22' lang='lat'><em>⁷</em></span> 
     </span>
     <span class='ocr_line' id='line_1_17' title="bbox 235 1106 1380 1161; baseline -0.002 -13"><span class='ocrx_word' id='word_1_133' title='bbox 235 1130 307 1149; x_wconf 90' lang='lat' dir='ltr'>son.</span> <span class='ocrx_word' id='word_1_134' title='bbox 357 1117 542 1151; x_wconf 77' lang='lat' dir='ltr'><strong>Columnas</strong></span> <span class='ocrx_word' id='word_1_135' title='bbox 571 1131 652 1151; x_wconf 73' lang='lat' dir='ltr'>vero</span> <span class='ocrx_word' id='word_1_136' title='bbox 686 1106 907 1157; x_wconf 71' lang='lat' dir='ltr'>tabernaculi,</span> <span class='ocrx_word' id='word_1_137' title='bbox 932 1125 964 1149; x_wconf 90' lang='lat' dir='ltr'>et</span> <span class='ocrx_word' id='word_1_138' title='bbox 986 1117 1082 1150; x_wconf 85' lang='lat' dir='ltr'>bases</span> <span class='ocrx_word' id='word_1_139' title='bbox 1107 1114 1197 1161; x_wconf 81' lang='lat' dir='ltr'>ejus,</span> <span class='ocrx_word' id='word_1_140' title='bbox 1222 1123 1254 1148; x_wconf 88' lang='lat' dir='ltr'>et</span> <span class='ocrx_word' id='word_1_141' title='bbox 1266 1113 1303 1159; x_wconf 67' lang='lat'>²)</span> <span class='ocrx_word' id='word_1_142' title='bbox 1327 1126 1380 1147; x_wconf 85' lang='lat' dir='ltr'>sc-</span> 
     </span>
     <span class='ocr_line' id='line_1_18' title="bbox 240 1172 1381 1224; baseline -0.002 -14"><span class='ocrx_word' id='word_1_143' title='bbox 240 1172 302 1218; x_wconf 79' lang='lat' dir='ltr'>ras,</span> <span class='ocrx_word' id='word_1_144' title='bbox 339 1188 377 1211; x_wconf 84' lang='lat' dir='ltr'>ut</span> <span class='ocrx_word' id='word_1_145' title='bbox 407 1188 546 1224; x_wconf 85' lang='lat' dir='ltr'>portent</span> <span class='ocrx_word' id='word_1_146' title='bbox 577 1179 639 1212; x_wconf 79' lang='lat' dir='ltr'>filii</span> <span class='ocrx_word' id='word_1_147' title='bbox 678 1180 817 1212; x_wconf 82' lang='lat' dir='ltr'>Merari.</span> <span class='ocrx_word' id='word_1_148' title='bbox 888 1178 1021 1211; x_wconf 81' lang='lat' dir='ltr'>Idcirco</span> <span class='ocrx_word' id='word_1_149' title='bbox 1044 1186 1086 1216; x_wconf 77' lang='lat' dir='ltr'>,et</span> <span class='ocrx_word' id='word_1_150' title='bbox 1109 1177 1144 1210; x_wconf 87' lang='lat' dir='ltr'>in</span> <span class='ocrx_word' id='word_1_151' title='bbox 1168 1174 1381 1210; x_wconf 82' lang='lat' dir='ltr'>recensendis</span> 
     </span>
     <span class='ocr_line' id='line_1_19' title="bbox 237 1237 1381 1286; baseline -0.001 -15"><span class='ocrx_word' id='word_1_152' title='bbox 237 1239 275 1273; x_wconf 85' lang='lat' dir='ltr'>iis</span> <span class='ocrx_word' id='word_1_153' title='bbox 307 1241 519 1283; x_wconf 76' lang='lat' dir='ltr'>designanter</span> <span class='ocrx_word' id='word_1_154' title='bbox 542 1241 719 1286; x_wconf 77' lang='lat' dir='ltr'>Scriptura</span> <span class='ocrx_word' id='word_1_155' title='bbox 745 1248 1020 1280; x_wconf 77' lang='lat' dir='ltr'>commemorat,</span> <span class='ocrx_word' id='word_1_156' title='bbox 1057 1247 1095 1271; x_wconf 89' lang='lat' dir='ltr'>ut</span> <span class='ocrx_word' id='word_1_157' title='bbox 1107 1237 1144 1283; x_wconf 80' lang='lat'>⁵)</span> <span class='ocrx_word' id='word_1_158' title='bbox 1168 1246 1381 1271; x_wconf 72' lang='lat' dir='ltr'>recenseatur</span> 
     </span>
     <span class='ocr_line' id='line_1_20' title="bbox 241 1298 1382 1346; baseline -0.002 -12"><span class='ocrx_word' id='word_1_159' title='bbox 241 1301 342 1335; x_wconf 81' lang='lat' dir='ltr'>virtus</span> <span class='ocrx_word' id='word_1_160' title='bbox 368 1303 512 1337; x_wconf 80' lang='lat' dir='ltr'>Merari:</span> <span class='ocrx_word' id='word_1_161' title='bbox 539 1304 659 1337; x_wconf 77' lang='lat' dir='ltr'>virtute</span> <span class='ocrx_word' id='word_1_162' title='bbox 685 1303 776 1337; x_wconf 88' lang='lat' dir='ltr'>enim</span> <span class='ocrx_word' id='word_1_163' title='bbox 802 1315 888 1346; x_wconf 86' lang='lat' dir='ltr'>opus</span> <span class='ocrx_word' id='word_1_164' title='bbox 919 1310 967 1335; x_wconf 81' lang='lat' dir='ltr'>est</span> <span class='ocrx_word' id='word_1_165' title='bbox 990 1302 1034 1335; x_wconf 81' lang='lat' dir='ltr'>ad</span> <span class='ocrx_word' id='word_1_166' title='bbox 1055 1301 1243 1345; x_wconf 83' lang='lat' dir='ltr'>portandas</span> <span class='ocrx_word' id='word_1_167' title='bbox 1266 1298 1382 1346; x_wconf 86' lang='lat' dir='ltr'>hujus-</span> 
     </span>
     <span class='ocr_line' id='line_1_21' title="bbox 241 1364 515 1397; baseline 0.004 -1"><span class='ocrx_word' id='word_1_168' title='bbox 241 1364 336 1397; x_wconf 82' lang='lat' dir='ltr'>modi</span> <span class='ocrx_word' id='word_1_169' title='bbox 359 1365 515 1397; x_wconf 76' lang='lat' dir='ltr'>sarcinas.</span> 
     </span>
    </p>

    <p class='ocr_par' dir='ltr' id='par_1_3' title="bbox 240 1421 1383 1839">
     <span class='ocr_line' id='line_1_22' title="bbox 329 1421 1381 1470; baseline -0.006 -10"><span class='ocrx_word' id='word_1_170' title='bbox 329 1427 360 1460; x_wconf 79' lang='lat'>2.</span> <span class='ocrx_word' id='word_1_171' title='bbox 387 1426 456 1458; x_wconf 82' lang='lat' dir='ltr'>Sed</span> <span class='ocrx_word' id='word_1_172' title='bbox 489 1428 669 1459; x_wconf 77' lang='lat' dir='ltr'>redeamus</span> <span class='ocrx_word' id='word_1_173' title='bbox 707 1425 893 1470; x_wconf 80' lang='lat' dir='ltr'>aliquando</span> <span class='ocrx_word' id='word_1_174' title='bbox 918 1424 962 1457; x_wconf 80' lang='lat' dir='ltr'>ad</span> <span class='ocrx_word' id='word_1_175' title='bbox 986 1423 1193 1468; x_wconf 81' lang='lat' dir='ltr'>Apostolum</span> <span class='ocrx_word' id='word_1_176' title='bbox 1222 1421 1381 1461; x_wconf 79' lang='lat' dir='ltr'>Paulum,</span> 
     </span>
     <span class='ocr_line' id='line_1_23' title="bbox 242 1483 1380 1532; baseline -0.002 -13"><span class='ocrx_word' id='word_1_177' title='bbox 242 1487 300 1531; x_wconf 87' lang='lat' dir='ltr'>qui</span> <span class='ocrx_word' id='word_1_178' title='bbox 324 1487 406 1520; x_wconf 82' lang='lat' dir='ltr'>haec</span> <span class='ocrx_word' id='word_1_179' title='bbox 433 1486 547 1520; x_wconf 77' lang='lat' dir='ltr'>omnia</span> <span class='ocrx_word' id='word_1_180' title='bbox 571 1487 680 1520; x_wconf 81' lang='lat' dir='ltr'>libero</span> <span class='ocrx_word' id='word_1_181' title='bbox 707 1486 776 1532; x_wconf 77' lang='lat' dir='ltr'>jam</span> <span class='ocrx_word' id='word_1_182' title='bbox 808 1495 839 1519; x_wconf 89' lang='lat' dir='ltr'>et</span> <span class='ocrx_word' id='word_1_183' title='bbox 871 1486 1019 1519; x_wconf 78' lang='lat' dir='ltr'>revelato</span> <span class='ocrx_word' id='word_1_184' title='bbox 1046 1484 1149 1518; x_wconf 80' lang='lat' dir='ltr'>oculo</span> <span class='ocrx_word' id='word_1_185' title='bbox 1173 1483 1295 1516; x_wconf 84' lang='lat' dir='ltr'>mentis</span> <span class='ocrx_word' id='word_1_186' title='bbox 1319 1484 1380 1517; x_wconf 78' lang='lat' dir='ltr'>ad-</span> 
     </span>
     <span class='ocr_line' id='line_1_24' title="bbox 240 1545 1381 1593; baseline -0.004 -12"><span class='ocrx_word' id='word_1_187' title='bbox 240 1549 400 1593; x_wconf 78' lang='lat' dir='ltr'>spiciens,</span> <span class='ocrx_word' id='word_1_188' title='bbox 440 1559 473 1582; x_wconf 85' lang='lat' dir='ltr'>et</span> <span class='ocrx_word' id='word_1_189' title='bbox 505 1550 621 1583; x_wconf 82' lang='lat' dir='ltr'>veteris</span> <span class='ocrx_word' id='word_1_190' title='bbox 651 1548 841 1582; x_wconf 79' lang='lat' dir='ltr'>testamenti</span> <span class='ocrx_word' id='word_1_191' title='bbox 875 1549 1027 1580; x_wconf 81' lang='lat' dir='ltr'>velamen</span> <span class='ocrx_word' id='word_1_192' title='bbox 1059 1545 1241 1591; x_wconf 83' lang='lat' dir='ltr'>abjiciens,</span> <span class='ocrx_word' id='word_1_193' title='bbox 1271 1545 1381 1590; x_wconf 76' lang='lat' dir='ltr'>ait‚⁶)</span> 
     </span>
     <span class='ocr_line' id='line_1_25' title="bbox 243 1607 1383 1656; baseline -0.004 -13"><span class='ocrx_word' id='word_1_194' title='bbox 243 1610 320 1654; x_wconf 83' lang='lat' dir='ltr'>quia</span> <span class='ocrx_word' id='word_1_195' title='bbox 345 1611 442 1656; x_wconf 83' lang='lat' dir='ltr'>prior</span> <span class='ocrx_word' id='word_1_196' title='bbox 464 1612 615 1656; x_wconf 88' lang='lat' dir='ltr'>populus</span> <span class='ocrx_word' id='word_1_197' title='bbox 648 1611 684 1643; x_wconf 84' lang='lat' dir='ltr'>in</span> <span class='ocrx_word' id='word_1_198' title='bbox 717 1609 915 1655; x_wconf 78' lang='lat' dir='ltr'>hujusmodi</span> <span class='ocrx_word' id='word_1_199' title='bbox 939 1607 1248 1643; x_wconf 76' lang='lat' dir='ltr'>constructionibus</span> <span class='ocrx_word' id='word_1_200' title='bbox 1272 1620 1383 1640; x_wconf 84' lang='lat' dir='ltr'>exem-</span> 
     </span>
     <span class='ocr_line' id='line_1_26' title="bbox 242 1668 1382 1716; baseline -0.003 -12"><span class='ocrx_word' id='word_1_201' title='bbox 242 1672 328 1716; x_wconf 83' lang='lat' dir='ltr'>plari</span> <span class='ocrx_word' id='word_1_202' title='bbox 353 1682 384 1705; x_wconf 87' lang='lat' dir='ltr'>et</span> <span class='ocrx_word' id='word_1_203' title='bbox 405 1675 547 1706; x_wconf 82' lang='lat' dir='ltr'>umbrae</span> <span class='ocrx_word' id='word_1_204' title='bbox 571 1673 767 1706; x_wconf 83' lang='lat' dir='ltr'>coelestium</span> <span class='ocrx_word' id='word_1_205' title='bbox 792 1670 995 1705; x_wconf 84' lang='lat' dir='ltr'>deservierit.</span> <span class='ocrx_word' id='word_1_206' title='bbox 1052 1670 1098 1703; x_wconf 88' lang='lat' dir='ltr'>Et</span> <span class='ocrx_word' id='word_1_207' title='bbox 1123 1670 1205 1702; x_wconf 78' lang='lat' dir='ltr'>haec</span> <span class='ocrx_word' id='word_1_208' title='bbox 1229 1668 1382 1708; x_wconf 83' lang='lat' dir='ltr'>audiens,</span> 
     </span>
     <span class='ocr_line' id='line_1_27' title="bbox 243 1732 1383 1778; baseline -0.004 -12"><span class='ocrx_word' id='word_1_209' title='bbox 243 1734 438 1774; x_wconf 82' lang='lat' dir='ltr'>considera,</span> <span class='ocrx_word' id='word_1_210' title='bbox 470 1748 513 1768; x_wconf 85' lang='lat' dir='ltr'>ne</span> <span class='ocrx_word' id='word_1_211' title='bbox 538 1736 626 1767; x_wconf 84' lang='lat' dir='ltr'>sorte</span> <span class='ocrx_word' id='word_1_212' title='bbox 648 1734 700 1767; x_wconf 84' lang='lat' dir='ltr'>isti</span> <span class='ocrx_word' id='word_1_213' title='bbox 723 1743 870 1778; x_wconf 79' lang='lat' dir='ltr'>quatuor</span> <span class='ocrx_word' id='word_1_214' title='bbox 894 1732 1032 1766; x_wconf 86' lang='lat' dir='ltr'>ordines</span> <span class='ocrx_word' id='word_1_215' title='bbox 1058 1740 1246 1765; x_wconf 83' lang='lat' dir='ltr'>castrorum</span> <span class='ocrx_word' id='word_1_216' title='bbox 1271 1742 1383 1763; x_wconf 77' lang='lat' dir='ltr'>exem-</span> 
     </span>
     <span class='ocr_line' id='line_1_28' title="bbox 243 1792 1381 1839; baseline -0.004 -12"><span class='ocrx_word' id='word_1_217' title='bbox 243 1796 338 1839; x_wconf 90' lang='lat' dir='ltr'>plum</span> <span class='ocrx_word' id='word_1_218' title='bbox 371 1796 435 1828; x_wconf 87' lang='lat' dir='ltr'>sint</span> <span class='ocrx_word' id='word_1_219' title='bbox 467 1805 499 1829; x_wconf 83' lang='lat' dir='ltr'>et</span> <span class='ocrx_word' id='word_1_220' title='bbox 531 1797 652 1829; x_wconf 82' lang='lat' dir='ltr'>umbra</span> <span class='ocrx_word' id='word_1_221' title='bbox 676 1795 818 1828; x_wconf 81' lang='lat' dir='ltr'>illorum</span> <span class='ocrx_word' id='word_1_222' title='bbox 842 1803 990 1839; x_wconf 81' lang='lat' dir='ltr'>quatuor</span> <span class='ocrx_word' id='word_1_223' title='bbox 1015 1793 1196 1833; x_wconf 83' lang='lat' dir='ltr'>ordinum,</span> <span class='ocrx_word' id='word_1_224' title='bbox 1227 1805 1313 1836; x_wconf 89' lang='lat' dir='ltr'>quos</span> <span class='ocrx_word' id='word_1_225' title='bbox 1339 1792 1381 1824; x_wconf 84' lang='lat' dir='ltr'>ad</span> 
     </span>
    </p>
   </div>
   <div class='ocr_carea' id='block_1_3' title="bbox 247 1853 1383 1891">
    <p class='ocr_par' dir='ltr' id='par_1_4' title="bbox 247 1853 1383 1891">
     <span class='ocr_line' id='line_1_29' title="bbox 247 1853 1383 1891; baseline -0.004 -1"><span class='ocrx_word' id='word_1_226' title='bbox 247 1857 423 1891; x_wconf 77' lang='lat' dir='ltr'>Hebraeos</span> <span class='ocrx_word' id='word_1_227' title='bbox 452 1857 603 1891; x_wconf 83' lang='lat' dir='ltr'>scribens</span> <span class='ocrx_word' id='word_1_228' title='bbox 627 1857 752 1891; x_wconf 77' lang='lat' dir='ltr'>Paulus</span> <span class='ocrx_word' id='word_1_229' title='bbox 785 1855 995 1890; x_wconf 81' lang='lat' dir='ltr'>enumeravit</span> <span class='ocrx_word' id='word_1_230' title='bbox 1017 1854 1054 1887; x_wconf 86' lang='lat' dir='ltr'>in</span> <span class='ocrx_word' id='word_1_231' title='bbox 1077 1853 1190 1888; x_wconf 86' lang='lat' dir='ltr'>coelis.</span> <span class='ocrx_word' id='word_1_232' title='bbox 1237 1853 1281 1886; x_wconf 86' lang='lat' dir='ltr'>Et</span> <span class='ocrx_word' id='word_1_233' title='bbox 1306 1865 1383 1887; x_wconf 85' lang='lat' dir='ltr'>rur-</span> 
     </span>
    </p>
   </div>
   <div class='ocr_carea' id='block_1_4' title="bbox 338 2015 1302 2117">
    <p class='ocr_par' dir='ltr' id='par_1_5' title="bbox 338 2015 1302 2117">
     <span class='ocr_line' id='line_1_30' title="bbox 342 2015 1218 2062; baseline -0.006 -9"><span class='ocrx_word' id='word_1_234' title='bbox 342 2020 376 2062; x_wconf 78' lang='grc'>1&gt;</span> <span class='ocrx_word' id='word_1_235' title='bbox 402 2021 488 2053; x_wconf 80' lang='lat' dir='ltr'>Edd.</span> <span class='ocrx_word' id='word_1_236' title='bbox 515 2020 672 2053; x_wconf 78' lang='lat' dir='ltr'>Merlini:</span> <span class='ocrx_word' id='word_1_237' title='bbox 697 2019 795 2052; x_wconf 80' lang='lat' dir='ltr'>ordo.</span> <span class='ocrx_word' id='word_1_238' title='bbox 893 2018 929 2062; x_wconf 86' lang='lat'>²)</span> <span class='ocrx_word' id='word_1_239' title='bbox 953 2018 1057 2051; x_wconf 88' lang='lat' dir='ltr'>Num.</span> <span class='ocrx_word' id='word_1_240' title='bbox 1080 2015 1140 2056; x_wconf 81' lang='grc' dir='ltr'>ῙῙῘ,</span> <span class='ocrx_word' id='word_1_241' title='bbox 1164 2015 1218 2049; x_wconf 87' lang='grc'>17.</span> 
     </span>
     <span class='ocr_line' id='line_1_31' title="bbox 338 2071 1302 2117; baseline -0.004 -10"><span class='ocrx_word' id='word_1_242' title='bbox 338 2076 375 2117; x_wconf 79' lang='lat'>³)</span> <span class='ocrx_word' id='word_1_243' title='bbox 401 2076 489 2108; x_wconf 75' lang='lat' dir='ltr'>cod,</span> <span class='ocrx_word' id='word_1_244' title='bbox 513 2075 619 2109; x_wconf 82' lang='lat' dir='ltr'>sancti</span> <span class='ocrx_word' id='word_1_245' title='bbox 645 2074 874 2109; x_wconf 81' lang='lat' dir='ltr'>Theudorici:</span> <span class='ocrx_word' id='word_1_246' title='bbox 899 2083 976 2107; x_wconf 89' lang='lat' dir='ltr'>sunt</span> <span class='ocrx_word' id='word_1_247' title='bbox 1001 2073 1158 2117; x_wconf 81' lang='lat' dir='ltr'>exemplo</span> <span class='ocrx_word' id='word_1_248' title='bbox 1185 2071 1302 2105; x_wconf 80' lang='lat' dir='ltr'>caath.</span> 
     </span>
    </p>
   </div>
   <div class='ocr_carea' id='block_1_5' title="bbox 248 2127 1383 2218">
    <p class='ocr_par' dir='ltr' id='par_1_6' title="bbox 248 2127 1383 2218">
     <span class='ocr_line' id='line_1_32' title="bbox 340 2127 1383 2175; baseline -0.004 -11"><span class='ocrx_word' id='word_1_249' title='bbox 340 2131 376 2175; x_wconf 64' lang='grc'>4)</span> <span class='ocrx_word' id='word_1_250' title='bbox 403 2130 512 2164; x_wconf 87' lang='lat' dir='ltr'>Codd.</span> <span class='ocrx_word' id='word_1_251' title='bbox 548 2131 764 2164; x_wconf 78' lang='lat' dir='ltr'>Ebroicensis</span> <span class='ocrx_word' id='word_1_252' title='bbox 800 2139 831 2164; x_wconf 89' lang='lat' dir='ltr'>et</span> <span class='ocrx_word' id='word_1_253' title='bbox 861 2129 1028 2172; x_wconf 77' lang='lat' dir='ltr'>Sagiensis</span> <span class='ocrx_word' id='word_1_254' title='bbox 1059 2142 1145 2174; x_wconf 86' lang='lat' dir='ltr'>pro:</span> <span class='ocrx_word' id='word_1_255' title='bbox 1177 2136 1232 2170; x_wconf 86' lang='lat' dir='ltr'>„et</span> <span class='ocrx_word' id='word_1_256' title='bbox 1262 2127 1383 2168; x_wconf 75' lang='lat' dir='ltr'>seras,“</span> 
     </span>
     <span class='ocr_line' id='line_1_33' title="bbox 248 2176 737 2218; baseline -0.002 -10"><span class='ocrx_word' id='word_1_257' title='bbox 248 2176 378 2218; x_wconf 82' lang='lat' dir='ltr'>legunt:</span> <span class='ocrx_word' id='word_1_258' title='bbox 404 2189 463 2214; x_wconf 79' lang='lat' dir='ltr'>„ac</span> <span class='ocrx_word' id='word_1_259' title='bbox 489 2176 673 2209; x_wconf 81' lang='lat' dir='ltr'>semissas.“</span> <span class='ocrx_word' id='word_1_260' title='bbox 698 2176 737 2211; x_wconf 77' lang='grc' dir='ltr'>Ρι.</span> 
     </span>
    </p>
   </div>
   <div class='ocr_carea' id='block_1_6' title="bbox 338 2231 940 2331">
    <p class='ocr_par' dir='ltr' id='par_1_7' title="bbox 338 2231 940 2331">
     <span class='ocr_line' id='line_1_34' title="bbox 341 2231 940 2276; baseline -0.002 -12"><span class='ocrx_word' id='word_1_261' title='bbox 341 2232 377 2276; x_wconf 84' lang='lat'>⁵)</span> <span class='ocrx_word' id='word_1_262' title='bbox 401 2233 489 2266; x_wconf 87' lang='lat' dir='ltr'>Edd.</span> <span class='ocrx_word' id='word_1_263' title='bbox 517 2231 672 2264; x_wconf 76' lang='lat' dir='ltr'>Merlini:</span> <span class='ocrx_word' id='word_1_264' title='bbox 697 2241 734 2263; x_wconf 91' lang='lat' dir='ltr'>ut</span> <span class='ocrx_word' id='word_1_265' title='bbox 758 2242 940 2266; x_wconf 77' lang='lat' dir='ltr'>censeatur,</span> 
     </span>
     <span class='ocr_line' id='line_1_35' title="bbox 338 2287 815 2331; baseline 0.002 -11"><span class='ocrx_word' id='word_1_266' title='bbox 338 2287 375 2331; x_wconf 49' lang='grc' dir='ltr'>(ἱ)</span> <span class='ocrx_word' id='word_1_267' title='bbox 402 2287 471 2321; x_wconf 80' lang='lat' dir='ltr'>Cfr.</span> <span class='ocrx_word' id='word_1_268' title='bbox 498 2289 602 2322; x_wconf 81' lang='lat' dir='ltr'>Hebr.</span> <span class='ocrx_word' id='word_1_269' title='bbox 630 2287 690 2321; x_wconf 87' lang='lat' dir='ltr'>IX.</span> <span class='ocrx_word' id='word_1_270' title='bbox 715 2295 747 2320; x_wconf 92' lang='lat' dir='ltr'>et</span> <span class='ocrx_word' id='word_1_271' title='bbox 771 2287 815 2321; x_wconf 89' lang='lat' dir='ltr'>X.</span> 
     </span>
    </p>
   </div>
  </div>
 </body>
</html>
