1427 2460
320 61 356 85 m
380 52 557 84 Nummos
584 39 742 84 nomm
766 53 891 87 XVIII.
1108 57 1175 90 223

48 142 342 179 architectonicam
360 138 525 179 nominat,
543 138 736 174 derivatur?
766 141 924 187 Denique
946 153 978 176 et
995 144 1030 177 in
1044 144 1174 177 Zacha-

49 205 151 251 ria¹)
187 203 354 238 funiculus
388 200 611 243 geometricus
648 201 792 242 dicitur,
829 203 863 237 in
899 218 967 249 quo
1004 205 1176 239 dimetitur

50 267 186 308 angelus
209 263 412 297 Jerusalem:
437 271 469 295 et
490 262 570 296 ideo
593 275 664 296 non
687 273 771 308 puto
797 265 980 299 absurdum
1004 266 1126 307 videri,
1148 267 1176 301 si

51 322 151 362 etiam
175 327 256 358 haec
278 325 415 358 scientia
440 324 571 358 dicatur
595 325 724 358 excelsi.
773 326 868 369 Quid
892 337 1001 361 autem
1027 328 1176 361 dicemus

51 390 95 422 de
116 387 272 425 musica„
291 384 385 432 cujus
417 399 556 420 omnem
580 386 735 431 peritiam
758 387 804 420 ita
829 388 979 430 attigerat
1002 389 1175 433 sapientis-

50 451 151 484 simus
163 447 285 487 David,
308 459 346 480 ac
370 448 470 482 totius
494 447 674 487 melodiae,
699 457 730 480 et
744 448 980 495 rhythmorum
998 451 1178 492 collegerat

50 509 260 554 disciplinas,
292 517 331 542 ut
366 521 404 541 ex
435 509 474 542 iis
507 508 664 542 omnibus
699 509 864 542 inveniret
901 524 1017 552 sonos,
1055 512 1176 556 quibus

47 580 160 616 posset
189 571 288 603 etiam
319 572 553 614 perturbatum
586 583 699 612 regem
731 580 951 616 vexatumque
986 573 1028 606 ab
1060 573 1176 617 spiritu

50 631 199 674 maligno
234 631 410 675 psallendo
448 630 624 672 mitigare?
672 631 774 665 Unde
808 645 881 665 non
912 643 996 677 puto
1029 633 1178 678 aliquem

51 693 134 727 recti
157 705 290 732 sensus,
320 691 378 736 qui
408 692 443 725 in
466 693 592 726 horum
617 693 771 726 omnium
795 692 933 726 scientia
955 703 1070 734 neget,
1100 695 1179 739 quia

52 754 164 788 omnis
187 753 350 798 sapientia
377 766 395 786 a
419 753 574 786 Domino
600 763 655 788 est.
700 754 779 787 Jam
803 767 883 787 vero
914 755 957 787 de
988 755 1179 788 medicinae

51 816 188 849 scientia
211 827 274 848 nec
307 815 455 847 dubitari
481 816 577 859 puto.
625 816 662 849 Si
694 817 783 849 enim
816 825 863 848 est
892 815 962 847 ulla
992 815 1129 849 scientia
1161 830 1179 849 a

52 878 148 918 Deo,
179 889 266 921 quae
289 876 393 917 magis
419 877 461 909 ab
486 888 526 909 eo
552 878 630 917 erit,
661 889 764 922 quam
786 875 924 910 scientia
949 878 1114 917 sanitatis,
1146 878 1180 910 in

52 951 118 984 qua
144 937 243 971 etiam
261 938 443 970 herbarum
462 938 557 978 vires,
580 947 611 971 et
633 951 813 971 succorum
836 937 1029 981 qualitates,
1052 952 1090 972 ac
1115 939 1181 972 dif-

52 999 213 1034 ferentiae
237 998 504 1041 dignoscuntur?
551 1000 653 1042 lgitur
679 1012 717 1032 ex
741 999 791 1032 his
806 1000 843 1044 ²)
868 999 1026 1033 omnibus
1051 1001 1181 1042 colligi—

53 1071 125 1102 tur,
156 1062 252 1107 quod
276 1061 376 1094 etiam
407 1060 507 1107 hujus
530 1060 671 1094 Balaam
701 1059 858 1100 scientia,
888 1074 953 1104 pro
979 1074 1045 1105 qua
1070 1074 1182 1094 accer-

55 1123 135 1156 situs
158 1131 206 1156 est
229 1135 267 1155 ex
289 1122 560 1166 Mesopotamiae
583 1122 757 1155 montibus
781 1123 823 1154 ab
849 1122 996 1159 oriente,
1018 1132 1055 1155 ut
1077 1123 1183 1155 male-

56 1185 183 1217 diceret
205 1183 335 1222 Jacob,
367 1184 490 1216 habeat
516 1183 653 1228 quidem
682 1182 776 1216 initia
808 1191 841 1215 et
865 1182 1027 1225 originem
1060 1186 1102 1216 ab
1129 1197 1182 1216 ex-

57 1245 164 1284 celso,
198 1254 231 1278 et
261 1245 341 1277 inde
363 1244 405 1277 sit
443 1245 472 1277 ei
504 1244 647 1285 agnitio,
683 1257 749 1289 qua
783 1243 937 1277 didicerit
967 1246 1019 1277 vel
1049 1254 1184 1277 naturas

58 1306 271 1346 animalium,
295 1306 347 1338 vel
371 1314 483 1338 motus
507 1306 629 1346 avium,
654 1306 705 1338 vel
730 1305 937 1338 differentias
962 1319 1101 1338 vocum:
1125 1307 1183 1339 sed

57 1380 114 1406 ea,
141 1379 229 1412 quae
253 1367 296 1399 ad
319 1365 492 1399 scientiam
524 1366 699 1398 bonorum
730 1366 914 1410 acceperit,
947 1367 1127 1400 contulisse
1150 1381 1184 1400 se

56 1430 100 1462 ad
122 1441 220 1461 usum
244 1428 424 1460 malorum.
473 1427 580 1471 Quod
609 1427 694 1460 mihi
723 1427 830 1461 simile
854 1428 1004 1468 videtur,
1035 1430 1128 1473 quasi
1159 1429 1184 1462 si

56 1490 102 1529 is,
126 1490 185 1534 qui
206 1488 412 1522 medicinam
435 1488 599 1529 didicerit,
624 1497 657 1522 et
679 1490 863 1523 herbarum
885 1490 970 1522 vires
994 1503 1032 1522 ac
1056 1499 1186 1535 tempe-

58 1560 209 1584 ramenta
239 1549 454 1593 cognoverit,
488 1550 649 1584 medendi
678 1551 750 1584 sine
782 1550 888 1584 dubio
923 1551 1025 1593 gratia
1057 1565 1073 1584 a
1108 1552 1184 1584 Deo

59 1611 255 1645 hominibus
286 1612 380 1651 data,
418 1621 613 1645 convertere
645 1613 722 1645 velit
756 1612 991 1658 propositum:
1029 1622 1060 1645 ct
1091 1613 1187 1647 omni

57 1672 211 1712 scientia,
244 1685 330 1717 quae
354 1674 397 1706 ad
420 1672 561 1706 salutem
585 1686 772 1718 corporum
795 1674 953 1718 praestita
978 1683 1041 1714 est,
1073 1683 1187 1707 utatur

59 1735 103 1767 ad
125 1733 269 1773 malum,
304 1743 336 1766 et
357 1747 421 1778 pro
446 1735 580 1768 medico
604 1734 801 1768 venenarius
830 1734 905 1774 fiat,
935 1749 999 1779 pro
1029 1736 1186 1768 remediis

34 1816 37 1821 -
63 1796 222 1833 morbos,
252 1808 317 1839 pro
348 1795 545 1829 sanitatibus
573 1795 695 1829 inferat
722 1805 858 1829 mortes.
905 1795 953 1828 Ut
976 1806 1088 1829 autem
1114 1809 1185 1829 am-

61 1857 150 1901 plius
185 1855 411 1898 intelligamus
446 1857 577 1897 adhuc,
610 1856 711 1891 totius
744 1856 900 1891 scientiae
933 1857 1131 1901 sapientiam
1167 1872 1184 1890 a

62 1918 141 1951 Deo
167 1917 330 1960 originem
363 1918 514 1958 trahere,
544 1918 588 1950 ab
619 1918 816 1951 hominibus
849 1928 959 1950 autem
990 1918 1072 1950 mali
1102 1932 1184 1963 pro-

62 1978 180 2023 positi,
208 1978 260 2011 vel
285 1978 384 2012 etiam
416 1992 433 2011 a
458 1980 682 2013 daemonibus
713 1980 923 2024 corruptelas
948 1980 1110 2024 quasdam
1134 1994 1185 2014 sa-

61 2039 208 2085 pientiae
222 2040 288 2073 Dei
304 2040 564 2075 admiscentibus
580 2039 741 2073 declinari
764 2040 807 2072 ad
832 2040 979 2073 malum:
1002 2042 1185 2084 relegamus

63 2113 118 2141 ea,
143 2114 230 2146 quae
251 2101 287 2135 in
300 2101 444 2135 Daniele
465 2102 588 2146 scripta
610 2111 688 2135 sunt
711 2102 754 2134 de
768 2101 843 2146 ipso
858 2101 1003 2134 Daniele
1026 2111 1057 2134 et
1082 2101 1186 2134 tribus

157 2221 191 2266 ¹)
216 2222 357 2256 Zachar.
382 2223 430 2262 ΙΙ,
455 2225 485 2257 1.
624 2225 660 2269 ²)
683 2224 772 2258 Edd.
795 2223 949 2257 Merlini:
980 2222 1026 2256 iis.
