1427 2460
345 74 383 98 m
405 64 585 97 Nummos
610 61 773 97 HommA
790 61 903 96 XXII.
1129 64 1196 98 273

28 144 31 165 ἱ
59 155 258 198 gubernatio
282 153 403 200 populi
427 154 477 187 illi
500 153 670 192 tradatur,
694 165 796 198 quem
821 152 915 186 Deus
942 151 1094 194 elegerit:
1127 153 1192 186 ho-

58 217 143 251 mini
166 216 292 250 scilicet
319 216 395 256 tali,
426 214 483 259 qui
515 215 634 256 habet,
664 213 750 247 sicut
779 214 941 259 scriptum
973 213 1127 254 audistis,
1156 214 1191 247 in

58 288 164 313 semet
191 278 265 322 ipso
290 276 455 322 Spiritum
479 275 556 316 Dei,
581 286 613 309 et
635 285 816 321 praecepta
840 275 907 309 Dei
938 275 974 308 in
1007 285 1191 320 conspectu

59 338 129 385 ejus
151 348 238 378 sunt,
263 347 294 371 et
318 337 375 382 qui
387 337 479 371 Mosi
502 339 599 371 valde
621 346 724 370 notus
749 346 781 371 et
803 336 976 371 familiaris
1000 337 1050 377 sit,
1072 337 1107 370 id
1133 346 1192 378 est,

57 400 94 433 in
120 413 187 445 quo
210 399 252 432 sit
274 398 404 432 claritas
427 399 506 440 legis
526 407 559 432 et
581 398 733 437 scientia,
757 408 794 431 ut
816 398 947 443 possint
971 412 1049 432 eum
1074 400 1193 432 audire

57 460 116 494 filii
138 460 250 493 Israel.
294 460 422 494 Verum
448 460 610 504 quoniam
635 459 796 506 mysteriis
823 469 942 493 cuncta
966 461 1086 493 referta
1104 469 1192 500 sunt,

53 535 125 555 non
156 535 354 567 possumus,
387 535 473 566 quae
506 521 706 566 pretiosiora
730 531 825 562 sunt,
857 522 1032 562 omittere,
1063 521 1191 556 etiamsi

52 582 153 622 haec,
186 596 272 628 quae
302 584 490 617 secundum
523 583 652 616 literam
677 584 900 623 mandantur,
931 581 1117 616 necessaria
1140 583 1190 616 vi-

53 644 198 677 deantur
229 654 261 678 et
291 644 395 678 utilia.
464 644 728 679 Consideremus
767 657 863 687 ergo,
896 657 982 688 quae
1013 644 1053 678 sit
1084 644 1190 678 Mosis

54 705 264 758 morsufinis
287 706 358 739 sine
383 690 488 740 dussio
513 706 609 748 legis:
644 707 702 740 sed
727 706 807 749 legis
828 704 935 745 illius,
961 718 1047 749 quae
1071 719 1190 739 secun-

55 767 136 799 dum
162 766 292 799 literam
320 767 451 800 dicitur.
500 767 585 811 Quis
616 776 727 802 autem
759 765 829 813 ejus
860 765 935 800 finis
959 766 1031 801 est?
1077 768 1189 801 Sacri-

52 827 210 877 ficiorum
245 828 370 862 scilicet
401 828 624 873 interruptio,
656 837 689 862 et
719 837 927 868 ceterorum,
964 841 1051 872 quae
1088 828 1190 862 simili

53 889 262 922 observantia
293 891 502 923 mandantur
531 889 565 922 in
598 890 681 932 lege.
743 888 838 923 Haec
876 901 956 931 ergo
995 889 1055 923 ubi
1084 890 1189 924 finem

51 949 231 994 accipiunt,
253 950 352 985 Jesus
375 951 514 996 suscipit
537 951 785 996 principatum:
818 950 918 992 „finis
933 949 967 994 ¹)
992 950 1082 983 enim
1107 951 1188 994 legis

41 1010 213 1051 Christus,
237 1012 280 1044 ad
302 1010 463 1057 justitiam
488 1012 582 1046 omni
607 1012 789 1045 credenti.“
835 1012 880 1045 Et
902 1012 987 1045 sicut
1004 1013 1047 1045 de
1064 1013 1188 1057 priori-

50 1073 113 1106 bus
138 1072 265 1106 dictum
291 1083 347 1114 est,
371 1074 448 1119 quia
474 1074 662 1117 „omnes²)
685 1073 722 1106 in
746 1073 844 1106 Mose
868 1073 1028 1117 baptizati
1051 1083 1128 1106 sunt
1151 1074 1186 1106 in

51 1135 153 1173 nube,
178 1143 211 1167 et
234 1135 268 1167 in
293 1135 421 1168 mari:“
448 1135 494 1168 ita
529 1144 561 1168 et
585 1136 627 1167 de
650 1135 731 1168 Jesu
757 1134 940 1177 dicitur‚³)
965 1133 1045 1178 quia
1069 1147 1187 1169 omnes

49 1195 86 1228 in
106 1194 188 1228 Jesu
217 1195 379 1240 baptizati
409 1205 487 1229 sunt
516 1197 549 1230 in
577 1195 705 1240 Spiritu
734 1204 849 1229 sancto
885 1204 917 1228 et
947 1208 1043 1240 aqua.
1090 1195 1188 1230 Jesus

50 1269 199 1301 namque
224 1267 287 1296 est,
320 1257 377 1302 qui
401 1257 517 1291 transit
541 1270 643 1302 aquas
666 1255 843 1296 Jordanis,
875 1265 907 1289 et
928 1255 966 1289 in
989 1255 1067 1301 ipsis
1100 1269 1188 1301 quo-

51 1318 241 1351 dammodo
266 1317 334 1364 jam
359 1328 431 1351 tum
462 1318 632 1363 populum
663 1316 826 1362 baptizat:
870 1326 900 1350 et
928 1316 1001 1362 ipse
1035 1326 1099 1357 est,
1129 1317 1188 1362 qui

48 1387 173 1412 terram
198 1377 423 1419 haereditatis,
446 1389 570 1412 terram
593 1387 745 1413 sanctam
761 1377 905 1423 partitur
918 1377 1090 1417 universis,
1113 1391 1186 1412 non

48 1439 156 1485 priori
173 1441 318 1485 populo,
343 1441 402 1473 sed
425 1442 586 1473 secundo.
633 1440 735 1474 Prior
758 1440 847 1473 enim
871 1440 1021 1484 populus
1045 1448 1189 1485 propter

49 1501 373 1547 praevaricationem
398 1515 492 1535 suam
518 1501 638 1535 cecidit
661 1502 695 1535 in
713 1503 857 1536 deserto.
893 1501 949 1534 De
965 1501 1047 1534 Jesu
1071 1511 1185 1534 autem

49 1564 261 1608 temporibus
287 1563 420 1604 dicitur,
445 1563 523 1608 quia
548 1573 658 1605 „terra
671 1563 707 1608 ⁴)
732 1563 858 1609 quievit
881 1576 900 1596 a
923 1561 1065 1595 hellis:“
1090 1562 1187 1606 quod

47 1623 154 1658 Mosis
177 1633 335 1670 tempore
359 1623 427 1658 dici
449 1637 522 1657 non
545 1625 666 1669 potuit.
714 1625 783 1658 Sed
808 1625 850 1658 de
865 1623 947 1657 Jesu
971 1624 1037 1656 hoc
1061 1623 1186 1656 dicitur

48 1698 126 1719 meo
151 1685 322 1725 Domino,
353 1698 424 1718 non
456 1685 518 1718 illo
541 1686 643 1719 Nave.
690 1687 802 1731 Atque
830 1685 962 1719 utinam
986 1697 1062 1717 mea
1096 1693 1185 1717 terra

50 1755 153 1780 cesset
185 1759 203 1780 a
235 1744 348 1780 bellis!
395 1746 440 1779 Et
471 1760 600 1780 cessare
628 1756 761 1792 posset,
791 1747 818 1780 si
849 1758 909 1788 ego
931 1745 1013 1780 Jesu
1036 1745 1185 1790 principi

47 1819 127 1841 meo
151 1807 297 1841 fideliter
326 1802 514 1842 militarem.
561 1807 598 1842 Si
631 1808 719 1842 enim
750 1821 889 1853 paream
922 1819 1001 1840 meo
1027 1806 1183 1840 Domino

49 1869 141 1909 Jesu,
159 1882 337 1914 nunquam
356 1883 437 1903 caro
454 1882 530 1904 mea
549 1870 697 1914 insurget
712 1871 869 1905 adversus
885 1867 1041 1914 spiritum
1056 1881 1182 1908 meum,

144 2050 180 2112 ¹5
203 2068 304 2102 Rom.
327 2069 379 2110 X,
402 2070 435 2104 4.
664 2070 702 2116 ²)
727 2071 744 2104 I
769 2069 847 2104 Cor.
872 2070 924 2111 X,
946 2071 976 2105 2.

141 2123 178 2168 3)
203 2125 283 2159 Mss.
308 2124 499 2166 ‚,dicitur.“
544 2125 639 2161 Libri
665 2126 746 2160 editi
770 2127 817 2172 (v.
840 2139 869 2160 c.
894 2127 973 2167 edd.
997 2125 1083 2171 M.):
1108 2125 1183 2169 „di-

51 2173 182 2201 catur.“
207 2170 249 2204 R.

141 2223 178 2268 ¹¹)
201 2225 272 2260 Jos.
296 2225 366 2266 XI,
389 2226 445 2263 23.

32 2283 228 2338 vOmtfflms
251 2286 389 2322 OPERA.
415 2287 512 2322 TOM.
537 2287 580 2321 Χ.
875 2288 919 2323 18
