1427 2460
204 68 258 103 96·
706 68 884 102 OfflGEms

204 162 271 194 hoc
295 173 385 200 vero,
411 159 505 204 quod
530 171 663 192 necesse
688 168 745 200 est,
771 160 897 192 eumin
914 159 1028 193 multis
1047 160 1257 206 delinquere,
1283 163 1346 196 do-

204 237 267 256 nec
296 237 356 256 usu
384 232 415 254 et
447 220 626 265 disciplina
658 234 696 253 ac
729 221 900 263 diligentia
933 221 1198 267 abscindatur¹)
1230 224 1273 256 ab
1306 237 1348 257 eo

204 284 415 317 consuetudo
448 283 625 327 peccandi,
651 283 748 316 etiam
774 293 952 328 peccator,
986 293 1022 317 ut
1058 297 1160 329 supra
1193 285 1350 326 diximus,

203 345 438 391 appellabitur.
485 345 559 387 Ego
585 354 696 377 autem
725 354 756 377 et
781 345 926 389 amplius
949 346 1040 379 addo
1067 345 1214 390 aliquid,
1241 346 1349 391 quod,

202 408 267 440 nisi
290 417 443 440 sanctum
468 407 683 452 propositum
707 405 828 451 aliquis
854 407 985 447 habeat,
1009 417 1040 440 et
1068 407 1251 441 sanctitatis
1276 417 1348 441 stu-

204 469 297 502 dium
323 477 431 510 gerat,
458 481 535 500 cum
561 466 762 512 peccaverit,
794 467 898 501 nescit
931 469 1062 513 peccati
1085 468 1347 513 poenitudinem

202 544 328 574 gerere,
351 531 458 563 nescit
482 530 596 562 delicti
620 528 811 562 remedium
835 543 1006 574 quaerere.
1062 530 1134 575 Qui
1163 544 1236 564 non
1270 542 1350 566 suut

202 593 324 632 sancti,
357 592 391 624 in
423 592 566 636 peccatis
591 592 657 624 suis
681 591 894 625 moriuntur:
931 591 991 639 qui
1018 593 1124 626 sancti
1153 603 1251 633 sunt,
1279 605 1348 638 pro

200 654 347 699 peccatis
370 654 633 698 poenitudinem
657 664 786 696 gerunt,
810 654 950 688 vulnera
975 667 1035 688 sua
1059 653 1228 694 sentiunt,
1251 653 1349 687 intel-

201 716 309 758 ligunt
332 718 455 761 lapsus,
478 716 656 761 requirunt
678 717 907 756 sacerdotem,
937 717 1112 751 sanitatem
1146 717 1347 761 deposcunt,

202 778 478 823 purificationem
515 791 576 823 per
611 778 809 823 pontificem
851 788 1030 823 quaerunt.
1088 778 1221 812 Idcirco
1267 790 1346 819 ergo

203 849 299 873 caute
325 849 357 873 et
379 840 606 882 significanter
631 854 742 874 sermo
768 840 847 883 legis
874 839 1043 882 designat,
1066 840 1144 884 quia
1169 839 1348 885 pontifices

204 912 235 936 et
257 903 457 942 sacerdotes,
483 915 553 935 non
570 915 868 947 quorumcunque,
892 903 951 935 sed
976 911 1173 936 sanctorum
1196 911 1347 935 tantum-

202 965 310 998 modo
345 974 480 998 sumant
510 973 662 1008 peccata:
698 973 832 998 sanctus
865 965 954 998 enim
981 973 1046 1003 est,
1082 963 1140 1008 qui
1170 973 1347 1008 peccatum

204 1040 303 1059 suum
326 1039 389 1071 per
411 1025 611 1071 pontificem
642 1035 746 1059 curat.

293 1090 324 1122 2.
349 1089 417 1121 Sed
442 1089 619 1121 redeamus
651 1088 694 1120 ad
725 1087 924 1132 pontificem
957 1097 1122 1127 nostrum,
1147 1085 1346 1132 pontificem

202 1163 382 1193 magnum,
417 1150 476 1195 qui
506 1148 692 1194 penetravit
725 1149 856 1189 coelos,
897 1150 1015 1183 Jesum
1048 1149 1244 1182 Dominum
1280 1143 1369 1182 ῐιο-Ι

202 1222 327 1246 strum:
361 1221 393 1245 et
425 1212 618 1252 videamus,
650 1212 829 1255 quomodo
851 1211 923 1256 ipse
947 1225 1025 1244 cum
1049 1211 1129 1244 filiis
1149 1211 1226 1249 suis,
1250 1211 1347 1254 Apo-

203 1274 295 1308 stolis
319 1273 445 1307 scilicet
470 1284 500 1307 et
523 1272 735 1320 martyribus,
759 1273 863 1307 sumit
887 1283 1022 1318 peccata
1046 1283 1252 1307 sanctorum.
1300 1271 1346 1304 Et

204 1336 342 1380 quidem
369 1337 463 1380 quod
487 1336 660 1369 Dominus
684 1345 799 1370 noster
827 1336 925 1368 Jcsus
952 1335 1105 1368 Christus
1128 1333 1274 1373 venerit,
1309 1343 1348 1366 ut

203 1398 339 1430 tolleret
363 1406 540 1442 peccatum
565 1398 696 1437 mundi,
721 1406 753 1430 et
777 1407 888 1430 morte
907 1410 965 1430 sua
991 1405 1130 1441 peccata
1142 1404 1259 1428 nostra
1286 1395 1345 1427 (le-

203 1459 330 1499 leverit‚
352 1460 476 1500 nullus,
501 1458 559 1503 qui
585 1458 719 1492 Christo
747 1459 862 1498 credit,
886 1459 1029 1501 ignorat.
1069 1457 1261 1501 Quomodo
1287 1469 1347 1489 au-

202 1531 269 1554 tem
296 1530 327 1554 et
350 1520 411 1553 filii
435 1520 505 1566 ejus
530 1522 684 1554 auferant
707 1529 844 1565 peccata
868 1506 1085 1559 sanctorum,
1108 1518 1144 1552 id
1168 1527 1226 1558 est,
1251 1520 1347 1562 Apo-

203 1583 282 1616 stoli
307 1592 338 1615 et
361 1592 541 1629 martyres,
564 1582 591 1616 si
614 1583 821 1627 poterimus,
859 1595 897 1615 ex
921 1581 1095 1626 scripturis
1120 1579 1240 1614 divinis
1263 1592 1346 1624 pro-

202 1645 285 1677 bare
309 1645 524 1678 tentabimus.
572 1644 663 1678 Audi
685 1645 799 1689 primo
824 1643 971 1677 Paulum
999 1643 1187 1676 dicentem:
1212 1641 1345 1682 „liben-

201 1706 298 1750 tex-²)
325 1706 427 1747 enim,
449 1705 570 1750 inquit,
594 1695 800 1752 expendam,
826 1715 857 1739 et
882 1705 1054 1750 expendar
1075 1718 1140 1750 pro
1167 1703 1346 1737 animabus

203 1767 355 1801 vestris:“
380 1776 413 1800 et
435 1768 471 1800 in
497 1768 562 1801 alio
588 1769 688 1801 loco:
719 1778 802 1810 ,3ego
819 1767 856 1811 3)
882 1768 972 1800 enim
999 1765 1067 1811 jam
1091 1765 1268 1806 immolor,
1291 1765 1345 1798 in-

204 1829 286 1874 quit,
310 1838 342 1862 et
363 1838 497 1874 tempus
522 1829 774 1871 regressionis,“
801 1828 869 1862 sive
900 1826 1140 1868 „resolutionis
1172 1839 1269 1860 meae
1291 1825 1345 1859 in-
1386 1872 1391 1878 ,

203 1895 300 1924 stat.“
345 1890 415 1923 Pro
438 1891 476 1924 iis
503 1904 600 1933 ergo,
624 1891 747 1936 quibus
770 1889 956 1931 scribebat,
983 1889 1128 1934 expendi
1150 1901 1202 1929 se,
1227 1897 1260 1921 et
1282 1888 1346 1935 im-

202 1951 326 1986 molari
350 1952 432 1985 dicit
456 1953 651 1998 Apostolus.
688 1952 807 1986 Hostia
832 1962 945 1986 autem
969 1964 1047 1984 cum
1070 1950 1278 1989 immolatur,
1302 1950 1364 1983 ad·

203 2015 271 2048 hoc
293 2015 501 2054 immolatur,
525 2024 562 2047 ut
586 2027 723 2054 eorum,
746 2027 810 2059 pro
837 2013 959 2058 quibus
981 2011 1174 2058 jugulatur,
1205 2020 1344 2057 peccata

205 2085 401 2121 purgemur.
449 2076 505 2109 De
528 2076 733 2123 martyribus
759 2085 871 2110 autem
894 2074 1010 2109 scribit
1033 2074 1184 2108 Joannes
1207 2083 1344 2118 aposto-

299 2216 334 2258 1>
357 2215 446 2248 Edd.
473 2214 628 2249 Merlini:
654 2170 856 2250 abscidatur.

298 2271 335 2313 ²)
360 2270 390 2303 11
416 2270 494 2305 Cor.
518 2272 597 2310 XII,
622 2272 672 2305 15.
768 2272 805 2315 ³)
829 2270 860 2304 Π
886 2270 1036 2305 Timoth.
1063 2270 1120 2311 lv,
1143 2269 1174 2304 6.
