1427 2460
385 85 423 110 m
445 75 626 110 Nummos
649 75 810 110 HmvnuA
828 75 885 109 IV.
1159 76 1205 110 33

68 165 211 198 busdam
235 164 340 198 causis
371 165 555 218 adscriptus
584 167 642 208 sit,
677 166 873 211 frequenter
902 164 1058 198 inveniet.
1108 165 1197 198 Nam

67 226 181 276 nginti
205 227 274 259 duo
298 225 408 270 prima
441 228 533 270 apud
563 226 737 260 Hebraeos
770 228 935 260 elementa
966 227 1105 260 tradunt
1129 240 1198 260 esse

65 287 248 320 literarum.
295 286 420 328 Viginti
443 296 476 320 et
500 289 569 321 duo
595 302 710 321 rursus
735 302 753 321 a
776 288 991 333 protoplasto
1008 289 1117 321 Adam
1141 301 1197 320 us-

66 361 133 392 quc
156 349 199 381 ad
224 349 350 388 Jacob,
380 361 418 380 ex
449 347 542 394 cujus
572 350 700 382 semine
723 349 855 382 initium
881 349 1064 382 duodecim
1087 349 1195 382 tribus

64 418 209 449 sumunt,
232 418 343 454 patres
363 409 463 442 fuisse
475 421 717 446 memorantur.
755 411 911 444 Tradunt
928 412 1024 444 etiam
1040 412 1195 444 omnium

63 479 293 503 creaturarum
328 470 396 502 Dei
427 471 553 516 species
584 472 671 506 intra
702 472 814 514 viginti
848 480 880 505 et
910 474 978 505 duo
1010 486 1193 505 numerum

62 531 186 572 colligi.
240 532 309 565 Sed
334 541 366 564 et
388 533 453 565 alia
479 534 580 566 multa
607 534 641 566 in
668 533 870 579 Scripturis‚
903 533 929 566 si
956 534 1027 578 quis
1054 533 1195 575 diligen—

61 591 124 625 tius
146 602 357 637 exsequatur,
380 595 442 627 sub
467 595 535 627 hoc
552 609 697 628 numero
714 604 904 628 consecrata
920 595 1093 639 reperiet&
1103 595 1192 627 Pro-

58 661 136 697 pter
158 654 224 686 hoc
249 667 327 696 ergo
353 663 385 687 et
408 655 552 696 Levitae,
577 656 613 690 id
638 666 701 696 est,
731 657 789 701 qui
814 657 1004 690 deserviunt
1027 656 1194 695 Domino,

60 723 93 747 et
122 714 340 759 primogeniti
370 715 521 750 filiorum
545 718 646 751 Israel
670 717 861 751 admirabili
884 718 969 756 hoc,
1007 727 1038 749 et
1061 726 1191 749 sacrato

59 789 204 809 numero
235 777 422 810 titulantur.
481 778 587 822 Quod
611 789 723 813 autem
747 779 781 812 in
806 779 882 812 filiis
906 779 1007 811 Israel
1044 779 1192 811 eduntur

59 837 196 870 ducenti
219 838 428 881 septuaginta
452 849 528 882 tres,
553 855 664 887 neque
690 842 836 875 otiosum
861 840 943 874 mihi
967 841 1108 879 videtur,
1131 852 1192 871 ne-

59 911 124 942 que
147 898 370 932 absolutionis
403 900 490 934 viam
521 902 620 935 facile
652 917 773 945 cerno,
809 901 873 935 nisi
905 902 1077 935 Dominus
1100 902 1188 935 vela-

57 972 136 992 men
160 959 249 992 istud
281 959 479 1005 impositum
514 977 532 996 a
564 964 663 998 Mose
692 964 732 998 iis
762 963 865 998 literis
891 963 1066 1008 adaperire
1088 962 1189 995 nobis

57 1021 223 1063 dignetur,
247 1030 278 1054 et
302 1026 445 1058 auferre.
500 1025 605 1067 Igitur
628 1027 769 1059 humani
800 1025 927 1067 generis
951 1027 985 1058 in
1010 1038 1110 1057 carne
1135 1036 1190 1064 gc-

54 1088 203 1127 neratio,
225 1087 312 1121 sicut
337 1078 501 1128 asserunt,
535 1088 592 1132 qui
616 1087 652 1120 in
674 1088 798 1120 talibus
822 1086 920 1132 periti
944 1095 1041 1126 sunt,
1064 1099 1187 1118 novem

57 1149 194 1193 quidem
219 1149 390 1183 mensibus
415 1148 609 1182 continetur
632 1149 668 1181 in
692 1149 798 1189 vulva,
823 1150 881 1182 sed
897 1162 970 1181 non
993 1148 1086 1192 prius
1110 1160 1189 1180 mo·-

55 1210 125 1242 veri
148 1212 254 1243 fertur
276 1211 319 1243 ad
335 1219 481 1254 partum,
508 1223 608 1254 quam
626 1210 725 1243 ctiam
745 1210 867 1243 decimi
890 1210 1013 1242 mensis
1036 1208 1189 1241 triduum

54 1279 216 1304 transeat:
243 1281 274 1304 et
296 1273 342 1304 ita
365 1271 545 1311 invenitur,
570 1273 665 1315 quod
689 1286 852 1305 numerus
880 1271 957 1311 iste,
983 1270 1018 1303 id
1043 1279 1098 1309 est,
1123 1271 1187 1302 du-

56 1331 144 1364 centi
174 1332 385 1377 septuaginta
422 1342 488 1365 tres
518 1332 586 1365 dies
611 1332 686 1366 illos
710 1332 876 1372 indicent,
911 1333 968 1377 qui
1001 1346 1039 1365 ex
1063 1345 1187 1364 novem

51 1393 240 1437 mensibus,
278 1402 311 1426 et
340 1393 455 1426 triduo
487 1393 610 1426 mensis
645 1394 767 1426 decimi
792 1394 1014 1436 colliguntur,
1046 1402 1077 1425 et
1100 1393 1187 1425 fiunt

51 1454 152 1487 simul
175 1453 325 1488 ducenti*
342 1455 552 1500 septuaginta
582 1464 648 1488 tres
680 1455 748 1489 dies
778 1456 847 1495 isti,
887 1455 1008 1500 quibus
1032 1455 1185 1487 humano

49 1516 163 1558 generi
194 1516 230 1549 in
259 1517 350 1549 hunc
374 1518 544 1550 mundum
566 1517 750 1561 praebetur
781 1516 956 1559 ingressu&
1016 1517 1060 1549 Et
1083 1517 1127 1548 ita
1151 1516 1185 1548 in

49 1577 165 1620 viginti
188 1577 327 1622 quidem
352 1587 384 1611 et
409 1579 544 1612 duobus
567 1579 725 1618 numeris,
750 1578 904 1611 omnium
930 1579 1031 1611 simul
1056 1587 1186 1610 creatu-

50 1651 165 1671 rarum
188 1639 375 1672 rationibus
398 1640 543 1686 mysticis
567 1654 699 1673 summa
723 1641 904 1682 colligitur.
952 1639 991 1672 ln
1021 1639 1070 1672 his
1093 1652 1186 1676 vero,

51 1712 138 1743 quae
176 1712 216 1732 ex
254 1701 443 1734 abundanti
484 1701 519 1734 in
553 1701 788 1746 primogenitis
818 1700 1037 1734 inveniuntur
1072 1700 1186 1740 Israel,

50 1759 150 1793 etiam
173 1762 375 1807 mysterium
400 1762 569 1796 humanae
600 1762 825 1805 generationis
850 1761 1056 1807 exprimitur.
1103 1760 1187 1793 Post

49 1821 132 1854 haec
156 1835 232 1854 cum
257 1824 292 1856 in
315 1832 381 1857 tres
406 1823 541 1858 ordines
566 1824 661 1857 divisi
686 1833 794 1858 essent
817 1824 877 1856 filii
896 1823 984 1862 Levi,
1009 1832 1040 1855 et
1063 1835 1102 1855 ex
1124 1821 1184 1854 tri-

47 1884 112 1916 bus
135 1884 333 1917 nominibus
357 1884 551 1929 principum
569 1885 602 1928 ¹)
633 1885 756 1926 singuli
787 1884 913 1929 quique
945 1883 1080 1916 ordines
1107 1896 1185 1915 cen-

48 1955 218 1986 serentur,
241 1945 355 1978 -etiam
388 1945 424 1977 in
452 1945 532 1989 ipsis
563 1945 766 1979 diversitates
805 1947 972 1990 quaedam
1004 1958 1076 1977 non
1111 1944 1184 1976 sine

47 2007 210 2053 mysteriis
233 2007 483 2040 adscribuntur.
530 2007 617 2039 Nam
645 2007 795 2040 filiorum
818 2006 924 2039 Caatli
941 2006 1068 2050 primus
1094 2007 1181 2037 ordo

47 2068 268 2109 describitur,
299 2077 333 2101 et
363 2068 504 2102 merito:
537 2081 575 2101 ex
599 2070 673 2113 ipso
699 2068 788 2101 enim
815 2068 990 2101 descendit
1011 2067 1126 2101 Moses
1150 2075 1182 2098 et

144 2208 177 2251 Ι)
203 2207 289 2241 Cod.
315 2208 421 2241 sancti
437 2206 664 2240 Theodorici:
689 2207 938 2253 „principatum
960 2206 1081 2249 singuli
1106 2205 1180 2251 qni-

48 2265 114 2296 que
135 2254 271 2286 ordines
295 2259 613 2297 consequerentur.“
633 2252 672 2285 R.

50 2314 225 2347 Omossms
251 2315 388 2348 OPERA.
415 2314 512 2347 Tom.
537 2315 580 2347 X.
896 2315 920 2348 3
