1427 2460
348 84 383 108 m
405 72 583 105 Nummos
606 64 766 98 HommA
784 60 876 93 XIX.
1109 52 1177 87 233

0 135 12 148 ’ἴ

9 172 13 219 l
58 173 100 206 ad
123 166 322 204 memoriam
343 165 378 197 in
402 162 509 198 libro,
541 165 574 189 et
596 156 639 188 da
663 153 699 186 in
724 139 859 185 auribus
883 147 980 179 Jesu:
1014 143 1090 188 quia
1117 143 1176 175 de-

10 222 14 285 i
58 236 130 268 lens
158 231 277 265 delebo
291 223 492 259 memoriam
510 216 674 253 Amalech
699 215 742 247 ‹le
765 212 827 246 sub
854 209 961 243 coelo.
995 208 1041 240 Et
1063 202 1180 237 aedifi-

58 295 145 330 cavit
167 293 280 326 Moses
304 288 424 327 altare,
458 290 491 315 et
516 276 705 313 nominavit
733 285 861 307 nomen
886 268 975 315 ejus,
1009 264 1182 299 Dominus

61 354 227 398 refugium
249 359 382 384 meum:
415 353 447 377 et
470 342 530 375 ait:
563 340 642 384 quia
665 338 700 370 iri
724 348 828 369 manu
852 331 985 365 occulta
1010 327 1184 360 Dominus

64 423 228 463 expugnat
250 407 413 445 Amalech
445 419 462 438 a
491 400 707 447 generatione
737 397 772 430 in
797 392 1081 438 generationem.“
1125 387 1184 420 In—

62 479 170 519 tellige
195 488 232 508 ex
255 474 322 506 hoc
347 466 547 504 evidentius,
586 461 667 508 quid
701 460 826 492 debeat
847 453 986 495 intelligi
1012 449 1185 489 Amalech,

62 552 161 585 quem
185 549 291 569 manu
316 532 466 568 occulta,
503 528 539 560 id
564 533 628 563 est,
664 518 824 555 invisibili
849 526 1039 561 expugnare
1064 510 1188 545 dicitur

61 601 156 633 Deus
187 611 206 631 a
235 595 451 639 generatione
482 590 516 622 in
551 585 811 629 generationem.
866 578 934 612 Sed
958 577 993 609 in
1017 575 1189 607 Deutero-

61 661 182 696 nomio
215 659 262 692 ita
291 656 453 700 scriptum
486 659 550 685 est:
590 640 855 689 „me1nento,¹)
894 626 1018 684 qua'nta
1046 635 1109 668 tibi
1140 635 1191 667 fe-

66 723 148 757 cerit
171 718 332 755 Amalech
354 717 388 749 in
414 715 483 754 via,
507 724 583 745 cum
609 708 726 741 exisses
750 706 793 738 de
817 704 987 747 Aegypm,
1011 696 1191 742 quomodo

68 783 195 818 obstitit
217 781 279 814 tibi
300 781 335 814 in
359 778 428 817 via,
469 784 501 808 et
524 771 644 806 excidit
677 767 821 801 caudam
842 773 954 800 tuam,
994 771 1113 793 omnes
1137 756 1195 801 qui

67 845 271 879 laborabant
295 848 371 887 post
388 848 431 872 te.
479 836 533 868 Tu
558 841 672 866 autem
696 827 863 863 esuriebas
888 833 920 857 et
943 821 1140 859 laborabas,
1164 827 1197 851 et

69 921 141 941 non
180 903 319 939 timuisti
358 901 506 933 Deum.“
566 895 718 928 Observa
751 901 830 930 ergo
855 886 891 920 in
922 884 980 923 iis,
1016 881 1196 928 quomodo

71 966 235 1003 Amalech
261 962 387 999 obstitit
410 959 511 994 lsrael
534 958 569 991 in
594 955 663 994 via,
687 952 746 987 sed
770 960 883 983 tamen
907 959 981 980 non
1004 943 1117 990 potuit
1143 956 1198 975 ca-

71 1039 134 1077 put
158 1029 226 1076 ejus
244 1025 452 1061 abscindere,
475 1010 537 1053 nisi
561 1018 705 1051 caudam
729 1021 879 1046 tantum:
903 1010 939 1042 id
964 1017 1028 1047 est,
1054 1019 1111 1039 eos
1134 1017 1200 1049 po-

74 1093 138 1126 tuit
162 1090 334 1127 obtinere,
372 1084 429 1130 qui
462 1091 553 1115 retro
584 1076 687 1124 positi
714 1082 826 1113 crant,
864 1070 922 1116 qui
948 1068 1058 1102 ultimi
1082 1077 1203 1110 seque-

77 1154 219 1190 bantur,
241 1162 306 1182 nec
331 1160 386 1185 ea,
417 1156 502 1190 quae
525 1150 615 1174 retro
637 1146 747 1176 erant,
773 1132 1024 1169 obliviscentes,
1047 1126 1204 1161 extende-

78 1215 163 1247 bant
185 1226 219 1246 se
244 1211 285 1244 ad
311 1223 368 1248 ea,
407 1218 492 1251 quae
517 1203 553 1236 in
578 1209 655 1234 ante
679 1207 766 1232 sunt.
814 1194 860 1227 Et
882 1193 962 1225 ideo
986 1200 1090 1236 puto,
1127 1186 1206 1232 quia

78 1274 252 1310 Dominus
287 1267 518 1317 praecipiebat
563 1264 598 1296 in
628 1257 818 1303 Evangeliis
850 1256 981 1290 dicens:
1026 1262 1156 1292 „nemo
1169 1247 1207 1293 ²)

78 1336 214 1370 mittens
237 1344 378 1367 manum
401 1341 496 1362 suam
522 1337 624 1370 super
648 1332 814 1360 aratrum,
848 1327 880 1352 et
903 1326 994 1349 retro
1019 1310 1210 1357 respiciens,

83 1407 179 1443 aptus
203 1404 252 1429 est
273 1405 377 1435 regno
402 1390 501 1424 Dei.·‘
544 1388 590 1420 Et
612 1384 751 1418 merito:
782 1381 809 1415 si
834 1379 923 1413 enim
948 1385 1037 1410 retro
1063 1372 1137 1418 quis
1158 1372 1211 1405 in-

83 1468 200 1493 ventus
223 1455 325 1490 suerit
348 1454 383 1487 in
408 1451 531 1489 cauda,
556 1447 731 1481 abscindet
755 1456 831 1487 epm
857 1438 1033 1475 Amalech.
1088 1435 1157 1468 Sed
1181 1441 1214 1464 et

86 1521 187 1555 aliam
217 1519 329 1552 adhuc
361 1515 404 1548 de
437 1511 601 1546 Amalech
630 1507 809 1542 historiam
839 1503 1072 1549 proferamus,
1107 1504 1144 1528 ut
1176 1507 1214 1526 ex

86 1582 242 1628 pluribus
266 1578 461 1623 Scripturae
483 1573 567 1607 locis
593 1570 723 1609 clarius,
744 1567 838 1612 quod
863 1561 1072 1609 quaerimus,
1099 1559 1217 1590 adver-

89 1653 188 1677 tatur.
234 1641 274 1674 In
304 1639 416 1685 primo
449 1636 647 1676 Regnorum
678 1631 769 1664 libro
802 1627 848 1660 ait
879 1622 1014 1659 Samuel
1050 1621 1092 1653 ad
1117 1618 1217 1651 Saul:

95 1702 254 1745 „misit³)
284 1713 339 1734 me
369 1696 543 1733 Dominus
571 1705 698 1734 ungere
723 1700 757 1723 te
787 1701 899 1730 regem
923 1697 1024 1729 super
1049 1680 1217 1726 populum

96 1779 196 1798 suum
224 1754 359 1801 Israels
381 1769 413 1793 et
442 1769 534 1791 nunc
574 1754 653 1788 audi
689 1765 807 1785 vocem
846 1749 1031 1781 verborum
1065 1739 1220 1774 Domini.

98 1828 194 1861 Haec
225 1824 304 1858 dicit
334 1819 506 1855 Dominus
536 1818 718 1849 virtutum:
752 1809 931 1853 recogitavi
966 1804 1097 1845 omnia,
1137 1813 1223 1846 quae

95 1890 175 1924 fecit
206 1883 366 1920 Amalech
396 1883 571 1916 adversum
595 1877 716 1915 Israel,
752 1871 930 1919 quomodo
960 1864 1123 1913 percussit
1147 1874 1225 1896 eum

99 1952 136 1985 in
164 1951 233 1990 via,
270 1960 346 1980 cum
381 1943 601 1978 adscenderet
633 1952 669 1971 ex
692 1939 857 1982 Aegypto.
903 1932 1004 1964 Nunc
1029 1940 1108 1970 ergo
1133 1925 1227 1963 vade,

101 2022 133 2046 et
155 2018 293 2057 percute
316 2004 500 2043 Amalech,
523 2012 554 2035 et
577 1998 820 2034 anathematiza
846 1993 979 2033 omnia,
1004 1998 1228 2035 quaecunque

199 2162 233 2206 ι)
258 2161 359 2193 Dent.
384 2156 494 2196 xxv,
518 2155 570 2189 17.
595 2153 648 2187 18.
743 2137 779 2193 2“)
804 2147 885 2179 Luc.
909 2144 970 2183 lx,
994 2143 1048 2177 62.

109 2263 145 2308 (I
166 2216 383 2306 ngglfam'
401 2213 477 2253 XV,
487 2211 608 2246 1-11,
626 2204 820 2242 coltLXX.
835 2203 1057 2246 interpretum
1069 2195 1233 2231 versione.
