1427 2460
419 80 456 105 m
479 71 659 104 Nummos
683 70 841 103 HommA
861 69 886 102 Ι.
1173 69 1217 104 13

89 163 218 209 „qui¹)
248 170 402 196 numerat
431 160 684 194 multitudinem
715 159 908 198 stellarum,
940 167 971 192 et
996 158 1154 192 omnibus
1176 158 1216 192 iis

87 226 229 259 nomina
251 227 380 257 vocat.“
426 223 583 256 Salvator
607 234 685 255 vero
703 234 774 254 non
797 222 908 254 solum
928 221 1113 265 discipulos
1137 233 1218 254 suos

63 312 67 314 -
89 288 211 319 electos
234 286 296 319 sub
320 297 464 318 numero
488 284 617 324 statuit,
647 296 763 316 verum
789 292 820 316 ct
843 282 985 327 capillos
1015 282 1131 327 capitis
1158 295 1219 315 eo-

88 362 163 380 rum
189 346 268 380 dicit
284 360 351 380 esse
371 355 575 385 numeratos,
601 345 646 378 ait
670 345 776 378 enim:
801 344 967 388 ‚‚vestri²)
992 353 1103 377 autem
1118 344 1219 377 etiam

90 409 201 453 capilli
226 408 341 453 capitis
371 407 538 440 numerati
570 412 679 439 sunt.“
733 407 772 439 ln
806 420 873 451 quo
906 406 1024 450 utique
1047 419 1119 438 non
1141 405 1219 439 illos

90 471 221 503 dicebat
247 469 386 514 capillos
422 481 489 502 esse
513 478 724 508 numeratos,
757 468 815 512 qui
844 468 895 500 vel
930 468 1022 500 ferro
1050 467 1219 500 attonderi

89 540 120 563 et
143 529 267 575 projici
290 531 416 569 solent,
450 530 502 562 vel
532 530 696 574 temporis
727 538 830 562 aetate
855 528 1004 561 defluere
1029 542 1067 562 ac
1090 528 1221 574 perire:

88 592 146 624 sed
169 591 219 624 illi
244 591 358 636 capitis
382 591 495 635 capilli
527 592 619 636 apud
642 591 756 623 Deum
789 591 960 623 numerati
982 599 1076 631 sunt,
1101 589 1159 634 qui
1182 590 1219 623 in

88 653 264 686 Nazaraeis
301 661 410 690 erant,
448 652 568 696 quibus
598 652 708 686 inerat
738 652 840 685 virtus
873 652 1017 696 Spiritus
1046 652 1152 684 sancti
1175 653 1221 684 ad

90 716 356 758 prosternendos
382 713 594 755 alienigenas.
640 713 787 747 Virtutes
810 726 888 755 ergo
913 713 1027 754 animi,
1050 723 1081 747 et
1104 713 1219 746 multi-

88 777 240 809 tudinem
265 788 449 814 sensuum„
480 775 538 819 qui
571 776 612 808 de
635 775 817 820 principali
845 776 967 809 mentis
990 785 1152 819 tanquam
1177 776 1220 807 de

88 837 198 881 capite
221 838 468 882 Apostolorum
499 837 801 881 producebantur,
839 839 979 882 capillos
1011 837 1126 881 capitis
1159 850 1220 880 ap-

87 898 233 942 pellavit.
281 898 350 931 Sed
375 897 411 930 in
435 899 518 931 haec
541 912 604 944 per
627 911 795 932 excessum
819 900 991 944 quendam
1015 897 1220 936 devenimus,

87 974 179 993 nunc
203 961 245 993 ad
269 960 484 1005 propositum
508 970 725 994 revertamur.
1007 952 1011 955 ¹

177 1023 209 1055 2.
233 1022 344 1064 ‚‚Et3)
368 1023 502 1080 locutffits
527 1031 583 1062 est,
606 1022 734 1066 inquit,
765 1022 938 1056 Dominus
965 1022 1008 1055 ad
1034 1022 1159 1054 lWosen
1183 1020 1218 1053 in

90 1084 221 1116 deserto
248 1078 372 1116 Sina:“
411 1080 470 1116 illav
493 1083 618 1117 scilicet
650 1083 782 1124 omnia,
823 1097 910 1128 quae
941 1083 1094 1128 superius
1124 1096 1220 1115 com-

88 1146 252 1189 pendiosa
266 1145 460 1178 narratione
485 1146 818 1189 comprehendimus,
841 1145 902 1178 ubi
925 1144 1133 1190 praecipitur
1154 1157 1220 1176 nu«

89 1205 213 1239 merari
228 1219 246 1239 a
270 1205 384 1248 viginti
409 1206 504 1239 annis
529 1216 560 1239 et
584 1220 686 1251 supra
712 1207 832 1245 omnis,
857 1206 914 1250 qui
932 1206 1089 1250 procedit
1107 1206 1141 1238 in
1155 1205 1223 1238 vir-

91 1276 160 1299 tute
175 1267 287 1300 lsrael.
334 1267 370 1299 Si
395 1268 468 1311 quis
493 1281 570 1310 ergo
595 1268 752 1312 procedit
778 1269 813 1300 in
837 1267 974 1307 virtute,
1006 1267 1078 1311 ipse
1102 1256 1223 1299 nume-

89 1337 190 1367 ratur,
217 1336 247 1360 et
268 1341 341 1361 non
365 1329 400 1361 in
425 1329 655 1373 qualicunque
679 1329 818 1368 virtute,
843 1329 880 1362 id
905 1337 971 1368 est,
996 1341 1070 1361 non
1094 1328 1129 1360 in
1153 1329 1221 1360 Ae-

89 1388 282 1436 gyptiorum
304 1389 441 1429 virtute,
464 1403 576 1435 neque
600 1392 635 1423 in
660 1389 895 1437 Assyriorum,
918 1402 1031 1434 neque
1053 1390 1089 1422 in
1115 1388 1224 1422 Grae-

89 1463 220 1489 corum,
243 1450 302 1483 sed
324 1452 362 1484 in
385 1451 507 1485 virtute
530 1452 641 1491 Israel,
664 1451 736 1496 ipse
759 1460 958 1484 numeratur
982 1451 1074 1495 apud
1097 1451 1222 1500 Deum·

88 1511 149 1545 Est
174 1512 262 1545 enim
287 1511 389 1545 virtus
417 1513 539 1553 animi,
564 1526 666 1557 quam
693 1513 904 1546 Graecorum
937 1513 1136 1557 philosophi
1159 1514 1225 1546 do-

89 1582 173 1606 cent.
221 1574 289 1607 Sed
321 1575 405 1607 haec
437 1588 507 1607 non
545 1575 692 1619 pertinet
723 1576 766 1608 ad
798 1589 980 1608 numerum
1011 1575 1088 1607 Dei.
1140 1575 1223 1609 Non

89 1635 178 1668 enim
203 1648 267 1679 pro
293 1636 381 1675 Dco,
406 1637 464 1668 sed
489 1650 552 1680 pro
578 1636 685 1678 gloria
710 1646 884 1669 exercetur
906 1637 1065 1672 humana.
1111 1637 1172 1671 Est
1192 1646 1224 1669 et

89 1696 305 1742 Assyriorum
328 1697 451 1737 virtus,
476 1707 522 1731 est
547 1698 813 1740 Chaldaeorum,
840 1711 928 1742 quae
951 1698 987 1731 in
1011 1699 1224 1740 Astrologiae

89 1757 205 1790 studiis
228 1758 454 1801 praedicatur.
504 1760 573 1792 Sed
596 1773 666 1792 non
694 1768 742 1792 est
765 1759 825 1792 ista
848 1760 952 1792 virtus
975 1759 1165 1800 Israelitica,
1190 1770 1223 1792 et
1268 1788 1271 1789 γ

90 1818 169 1851 ideo
192 1831 264 1851 non
287 1819 434 1862 pertinet
459 1822 502 1853 ad
527 1821 650 1854 Deum.
710 1821 772 1853 Est
796 1829 828 1853 et
851 1820 1096 1865 Aegyptiorum
1119 1823 1222 1855 virtus

88 1879 124 1912 in
149 1892 203 1920 ea,
235 1892 337 1923 quam
369 1880 486 1913 dicunt
517 1891 642 1915 secreta
664 1881 844 1926 sapientia,
875 1882 934 1914 sed
958 1882 1041 1915 haec
1064 1896 1136 1915 non
1160 1883 1221 1916 ad-

89 1939 245 1986 jungitur.
263 1941 306 1972 ad
332 1941 499 1974 calculum
523 1942 599 1975 Dei.
648 1943 731 1976 Sola
756 1943 847 1987 apud
861 1943 975 1976 Deum
998 1944 1099 1977 virtus
1115 1944 1220 1977 Israe-

88 2001 178 2034 litica
202 2012 410 2036 numeratur.
446 2002 540 2037 Haec
553 2004 590 2048 4)
615 2013 662 2037 est
684 2003 740 2037 illa
762 2003 874 2047 virtus,
899 2018 985 2050 quae
1010 2017 1029 2038 a
1054 2005 1131 2039 Deo
1158 2006 1221 2039 do-

183 2143 218 2185 1)
242 2142 366 2176 Psalm.
392 2142 558 2184 CXLvn,
581 2144 614 2178 4.
709 2144 745 2188 2)
770 2143 891 2178 Mate„
917 2143 960 2186 X,
984 2144 1039 2179 30.

180 2197 218 2240 ³)
240 2199 343 2232 Num.
368 2199 393 2238 Ι,
418 2200 541 2235 1.-3,

178 2252 215 2296 ⁴)
238 2252 326 2287 Edd.
351 2253 509 2288 Merlini:
534 2255 611 2290 Hoc
637 2265 684 2290 est
707 2255 765 2292 illa
790 2267 850 2291 etc.

1249 1459 1255 1472 Ι
