1427 2460
1103 87 1168 124 291

299 219 694 263 HOMILIA
739 220 900 261 XXIV.

35 347 90 380 De
105 342 287 384 sacrificiis,
304 355 390 387 quae
404 355 466 387 per
482 354 762 387 unamquamque
781 341 991 377 festivitatem
1006 342 1169 390 jubentur

212 415 341 456 offerri,
365 424 398 448 et
422 416 465 449 de
488 414 582 456 votis,
607 427 694 460 quae
717 423 884 448 voventur
904 414 994 449 Deo.

125 555 157 589 1.
183 552 329 590 Omnes,
361 548 419 594 qui
450 547 630 582 imbuendi
658 557 738 582 sunt
767 549 1049 584 eminentioribus
1072 550 1172 585 disci-

35 613 154 661 plinis,
185 611 318 647 tamdiu
348 611 531 644 molestum
555 611 686 643 ducunt
708 611 983 645 rudimentorum
1006 613 1173 653 laborem,

36 678 157 716 donec,
182 675 256 720 quis
270 673 310 707 sit
327 681 360 706 et
379 671 577 716 disciplinae
593 671 693 713 illius,
716 673 759 706 ad
779 686 882 718 quam
897 672 1174 714 introducuntur,

37 738 114 771 finis
144 746 177 770 et
206 737 352 776 fructus,
388 733 554 776 ignorant.
603 731 693 766 Cum
717 746 797 767 vero
820 733 972 769 imbutos
994 747 1057 780 per
1080 735 1174 769 ordi-

36 812 116 832 nem
141 796 304 843 perfectio
329 804 508 828 consecuta
531 794 631 828 fuerit
655 794 866 840 disciplinae,
888 805 970 829 tunc
993 796 1174 830 delectabit

37 859 311 892 rudimentorum
339 855 517 901 pertulisse
540 855 720 890 molestias.
767 857 857 890 Sunt
880 869 959 899 ergo
985 865 1018 891 et
1038 858 1074 892 in
1096 871 1174 891 san—

38 922 117 962 ctis,
148 933 188 953 ac
212 918 332 953 divinis
355 917 456 950 rebus
479 915 590 961 prima
614 917 783 961 quaedam
806 918 1019 960 rudimenta,
1049 920 1174 964 quibus

36 984 246 1018 inducuntur
273 979 317 1019 ii,
345 978 404 1023 qui
436 978 480 1010 ad
503 977 748 1022 perfectionem
771 979 993 1013 beatitudinis
1018 981 1172 1014 tendunt.

39 1044 148 1088 Quod
181 1042 353 1076 evidenter
384 1039 530 1073 famulus
554 1039 621 1072 Dei
651 1039 689 1073 in
720 1040 852 1074 cantico
875 1040 990 1074 Exodi
1014 1040 1176 1084 designat,

38 1106 172 1140 dicens:
194 1103 322 1145 „induc
337 1102 371 1146 ¹)
396 1111 428 1135 et
446 1101 561 1146 planta
584 1113 642 1134 eos
662 1099 697 1133 in
718 1110 836 1134 monte
853 1101 1068 1136 haereditatis
1086 1112 1176 1143 tuae,

38 1167 74 1200 in
87 1173 287 1211 praeparata
308 1163 520 1197 habitatione
538 1172 605 1202 tua,
631 1175 734 1207 quam
754 1163 972 1207 praeparasti,
990 1163 1176 1199 Domine.“

39 1228 164 1261 Paulus
197 1238 337 1271 quoque
370 1224 559 1270 Apostolus
590 1224 716 1264 sciens,
754 1237 825 1258 esse
860 1226 1028 1269 quaedam
1065 1225 1176 1270 prima

38 1286 217 1322 imbuendi
249 1286 364 1327 initia,
393 1272 477 1319 tune
509 1285 633 1319 deinde
663 1299 726 1330 per
748 1295 880 1330 tempus
904 1285 1005 1320 etiam
1029 1287 1073 1320 ad
1097 1301 1176 1332 per-

38 1349 222 1385 fectionem
246 1347 370 1388 veniri,
393 1348 542 1381 scribens
567 1347 772 1392 quibusdam
796 1347 949 1380 dicebat:
981 1348 1127 1389 „etenim
1138 1349 1177 1394 ²)

40 1425 119 1445 cum
143 1408 310 1444 deberetis
332 1407 402 1454 jam
424 1408 574 1450 magistri
598 1421 668 1442 esse
691 1417 835 1454 propter
857 1416 1009 1455 tempus,
1039 1423 1176 1444 rursum

39 1471 212 1516 indigetis,
244 1479 283 1504 ut
312 1470 524 1511 doceamini,
553 1483 640 1515 quae
670 1469 736 1504 sint
765 1471 932 1504 elementa
956 1472 1085 1506 exordii
1108 1485 1177 1506 ser-

41 1547 185 1568 monum
209 1531 293 1566 Dei:
328 1541 362 1566 et
389 1531 468 1566 sacti
500 1531 594 1572 estis,
630 1531 753 1576 quibus
784 1531 871 1565 lacte
904 1545 991 1578 opus
1013 1533 1074 1573 sit,
1103 1547 1177 1567 non

41 1597 119 1630 cibo
143 1595 236 1629 forti.
283 1594 406 1628 Omnis
431 1593 540 1633 enim,
563 1592 622 1638 qui
644 1594 732 1627 lacte
755 1593 874 1634 alitur,
897 1607 1013 1639 expers
1038 1604 1085 1628 est
1107 1608 1179 1629 ser-

41 1657 154 1692 monis
176 1655 341 1702 justitiae:
365 1655 525 1701 parvulus
548 1655 639 1688 enim
663 1665 720 1690 est.
766 1654 1004 1690 Perfectorum
1024 1669 1105 1689 vero
1130 1655 1179 1690 ci-

44 1720 109 1752 bus
131 1718 261 1753 solidus
285 1726 349 1758 est,
385 1717 444 1762 qui
467 1730 532 1761 pro
557 1716 779 1761 possibilitate
800 1718 959 1751 sumendi
982 1718 1180 1752 exercitatos

44 1781 173 1813 habent
194 1792 306 1813 sensus
333 1778 378 1812 ad
403 1777 642 1812 discretionem
666 1778 752 1811 boni
774 1778 827 1812 vel
849 1778 962 1812 mali.“
996 1779 1042 1812 Et
1055 1778 1180 1813 iterum

44 1841 82 1875 in
105 1841 196 1885 aliis,
227 1841 358 1875 literam
373 1841 481 1883 legis,
515 1853 723 1885 omnemque
746 1838 944 1887 hujusmodi
967 1840 1182 1886 scripturam,

47 1904 211 1937 elementa
235 1902 358 1936 mundi
381 1915 451 1936 esse
475 1901 781 1947 commemorat.³)
826 1902 871 1936 Et
893 1915 987 1935 nunc
1019 1914 1098 1944 ergo
1131 1915 1182 1943 ea,

47 1977 134 2010 quae
156 1964 395 2009 pertinuerunt
418 1965 461 1998 ad
484 1964 581 2004 illos,
615 1963 673 2008 qui
702 1963 818 2008 primis
848 1963 1092 1998 imbuebantur
1115 1963 1182 1997 ele·

141 2139 177 2182 ¹)
200 2138 311 2172 Exod.
335 2137 412 2178 xv,
434 2138 488 2172 17.

139 2195 176 2239 2)
200 2196 305 2228 Hebr.
330 2193 372 2233 v,
394 2194 447 2228 12
471 2194 524 2228 13.
549 2194 604 2227 14.

141 2252 179 2294 ³)
204 2250 275 2288 Cfr.
298 2249 431 2286 Coloss.
454 2251 498 2290 II,
522 2250 552 2286 8.
577 2251 632 2284 20.
658 2249 735 2284 coll.
763 2247 872 2283 Galat.
895 2248 954 2291 lv,
975 2249 1007 2284 3.
1031 2249 1062 2284 9.

825 2311 895 2346 19*
