1427 2460
386 66 422 89 m
447 55 626 89 NUMERos
651 54 812 88 HOMIHA
832 55 925 88 XIII.
1150 57 1216 92 155

90 155 138 180 est
161 147 272 181 adhuc
297 158 400 191 opera
424 145 495 191 ejus
526 146 569 178 ad
593 144 746 178 exercitia
779 144 1017 184 certaminum,
1055 156 1088 179 et
1111 147 1215 179 victo-

89 209 152 242 rias
175 209 363 241 beatorum.
420 207 476 240 Sic
509 219 587 249 ergo
613 215 644 239 et
667 207 816 250 reliquos
840 208 1021 241 daemones
1050 221 1124 241 non
1147 209 1218 241 vult

81 279 164 303 ‚ante
187 279 318 314 tempus
334 280 353 301 a
369 267 538 313 propositi
556 268 608 302 sui
622 267 811 301 intentione
825 268 990 302 violenter
1004 271 1217 304 abstrahere:

90 341 121 364 et
153 331 233 364 ideo
263 342 302 363 ex
331 329 429 363 initio
459 343 532 363 non
560 330 600 364 iis
629 329 769 363 indulsit
792 329 942 362 invocari
971 345 1034 376 per
1062 330 1216 372 Balaam,

87 405 131 426 ne
153 393 243 425 forte
270 391 418 425 invocati
447 392 700 425 destruerentur
729 400 808 424 ante
834 400 985 435 tempus,
1017 402 1049 425 et
1071 393 1218 438 perime-

87 462 205 486 rentur
228 453 432 486 defendente
455 453 625 498 populum
649 466 748 485 suum
772 453 859 487 Deo.
912 453 1016 487 Aliud
1042 454 1132 487 enim
1162 464 1219 494 est,

84 514 112 547 si
137 514 316 559 expetat¹)
341 516 489 548 daemon
516 529 534 548 a
557 515 636 548 Deo
656 513 804 558 aliquem
829 515 872 547 ad
895 517 1109 555 tentandum,
1132 516 1219 549 sicut

85 576 173 614 Joh,
209 585 242 609 et
274 589 352 609 cum
383 585 471 610 certa
505 575 720 610 distinctione
743 585 945 619 potestatem
971 576 1041 621 ejus
1067 575 1217 621 accipiat·

85 631 191 670 Verbi
214 638 334 680 gratia,
368 647 406 671 ut
428 639 559 672 dicatur
583 638 629 670 ei:
666 637 711 670 do
743 637 804 670 tihi
829 637 942 671 omnia
969 636 1038 683 ejus
1061 637 1096 671 in
1119 646 1218 682 pote—

86 706 178 739 state,
202 700 261 732 sed
284 699 394 743 ipsum
420 712 492 732 non
517 698 701 741 contingas.
756 699 826 732 Aut
854 699 1000 732 iterum:
1027 699 1072 731 do
1097 698 1159 731 tibi
1183 698 1218 731 in

85 772 161 793 eum
186 769 396 803 potestatem,
420 762 478 794 sed
503 761 651 793 animam
676 760 747 806 ejus
778 760 920 794 custodi.
973 760 1017 792 Et
1047 760 1141 793 alind
1164 769 1223 799 est,

85 819 112 853 si
135 834 234 863 mago
262 821 421 863 exigente,
446 831 477 855 et
500 821 739 867 adjuramentis
761 821 964 866 quibusdam
991 831 1219 866 extorquente,

85 883 269 915 daemones
299 882 370 916 sine
401 883 472 916 ulla
508 882 744 916 observatione
775 882 1026 927 desaeviant.²)
1083 883 1121 915 In
1148 896 1219 927 quo

85 943 213 988 utique,
236 943 263 976 si
286 944 325 977 iis
348 943 485 976 libertas
509 952 656 976 servetur
680 944 830 985 arbitrii,
853 946 1024 990 populum
1048 944 1116 977 Dei
1139 957 1219 989 per-

85 1004 194 1037 ditum
220 1005 362 1040 dabunt.
416 1004 453 1038 Si
485 1018 564 1037 vero
594 1005 731 1039 libertas
763 1008 937 1040 auferatur
969 1005 1114 1045 arbitrii,
1151 1006 1219 1038 hoc

85 1074 156 1098 erat
186 1067 363 1100 damnasse
392 1065 631 1099 rationabilem
672 1076 877 1107 creaturam,
915 1076 946 1100 et
980 1076 1057 1100 ante
1087 1076 1220 1110 tempus

84 1125 235 1161 intulisse
258 1126 441 1172 judicium,
476 1136 507 1160 et
530 1128 710 1172 impedisse
734 1128 914 1168 omnibus,
953 1129 1010 1172 qui
1042 1129 1219 1161 adversum

85 1200 142 1221 eos
165 1187 200 1220 in
224 1201 331 1231 agone
358 1197 520 1221 certantes
544 1198 704 1233 poterant
727 1190 896 1222 coronari.
953 1189 989 1223 Si
1025 1189 1115 1222 enim
1141 1191 1219 1222 dae-

82 1249 206 1283 moniis
232 1251 405 1282 auferatur
427 1250 564 1283 libertas
588 1250 736 1289 arbitrii,
759 1251 873 1283 nullus
895 1252 982 1284 ultra
1007 1250 1220 1295 impugnabit

83 1310 390 1359 athletas-Christi:
422 1311 520 1343 nullo
553 1319 665 1343 autem
690 1310 929 1355 impugnante,
961 1324 1024 1344 nee
1050 1321 1220 1344 certamen

82 1371 224 1416 aliquod
249 1372 327 1405 erit:
351 1381 383 1405 et
406 1372 540 1405 sublato
566 1372 760 1413 certamine,
784 1372 918 1405 nullum
934 1371 996 1404 erit
1019 1372 1220 1416 praemium,

81 1433 176 1466 nulla
199 1433 349 1466 victoria.
395 1433 530 1466 Idcirco
561 1432 663 1475 igitur
693 1433 751 1466 tali
774 1433 825 1466 via
850 1434 956 1466 utimr
981 1433 1094 1473 Deus,
1126 1443 1163 1466 ut
1188 1444 1220 1467 et

80 1495 230 1539 populus
254 1495 367 1528 adhuc
398 1495 510 1535 rudis,
546 1504 578 1527 et
609 1495 668 1539 qui
696 1507 808 1539 nuper
839 1493 987 1527 abstrahi
1018 1505 1177 1538 coeperat
1201 1508 1219 1528 a

83 1555 176 1588 cultu
203 1556 420 1598 daemonum,
446 1556 671 1589 daemonibus
695 1568 768 1588 non
791 1556 962 1595 tradatur,
986 1565 1018 1588 et
1039 1556 1219 1590 invocante

81 1629 181 1659 mago
205 1629 369 1662 responsa
394 1618 607 1658 deferantur,
642 1627 675 1650 et
698 1630 802 1659 genus
827 1618 1035 1650 daemonum
1059 1631 1133 1650 non
1155 1632 1221 1651 nu—

83 1679 183 1711 detur
205 1678 335 1711 arbitrii
365 1688 540 1724 potestate.
594 1679 640 1712 Et
662 1679 741 1711 ideo
766 1678 939 1722 praevenit
962 1678 1074 1720 Deus,
1109 1688 1140 1711 et
1170 1679 1222 1711 ire

81 1737 233 1780 Balaam,
259 1748 361 1784 atque
383 1739 544 1773 invocare
557 1742 740 1774 daemones
763 1741 808 1773 ad
831 1739 1111 1773 maledicendum
1135 1752 1219 1784 pru-

82 1800 188 1841 hibet,
211 1800 238 1834 si
260 1810 374 1833 tamen
398 1813 416 1833 a
441 1801 626 1845 cupiditate
649 1810 816 1836 cessasset.
872 1802 940 1835 Sed
975 1801 1054 1845 quia
1076 1801 1221 1845 persistit

81 1861 116 1894 in
150 1861 318 1894 desiderio
350 1862 534 1906 pecuniae,
571 1863 750 1904 indulgens
779 1863 873 1895 Deus
906 1862 1033 1895 arbitrii
1064 1862 1222 1902 libertati,

82 1934 197 1955 rursus
220 1922 271 1955 ire
294 1923 465 1967 permittit.
526 1923 680 1956 Verbum
713 1932 828 1956 tamen
862 1937 960 1956 suum
991 1922 1100 1969 injicit
1123 1925 1159 1957 in
1185 1937 1221 1958 os

84 1982 164 2027 ejus,
187 1982 376 2028 prohibens
399 1984 677 2018 maledictionem
702 1984 774 2018 fieri
798 1998 860 2030 per
880 1986 1074 2027 daemones,
1099 1995 1136 2018 ut
1159 1986 1220 2018 be-

82 2043 337 2078 nedictionibus
370 2047 488 2079 locum
521 2047 633 2085 daret,
676 2056 705 2078 et
745 2059 807 2091 pro
851 2045 1035 2081 maledictis
1069 2047 1221 2091 proferat

181 2176 215 2219 ¹)
240 2177 304 2211 Ed.
331 2179 438 2212 Ruaei
464 2180 553 2213 sola:
581 2190 753 2225 exspectat.

183 2234 218 2273 ’ἢ
245 2234 330 2267 Cod.
358 2235 593 2270 Carnutensis:
619 2236 834 2276 „deserviat.“
859 2237 900 2272 R.
