1427 2460
226 90 272 125 58
709 89 887 124 Omessms

225 193 326 226 super
351 193 417 220 eos,
443 180 500 225 qui
524 180 613 213 male
636 180 836 225 loquuntur,
861 189 890 213 et
917 178 1110 212 detrahunt.
1157 177 1286 212 Verum
1309 188 1360 212 ta-

224 256 304 276 men
329 243 423 287 quod
449 241 546 275 dicit:
579 242 681 286 ‚,ct¹)
711 241 987 276 nubcs'recessit
1011 254 1029 274 a
1051 241 1292 281 tabernacul03
1327 250 1360 273 et

225 317 322 344 ecce,
351 304 462 336 Maria
483 304 572 336 facta
597 313 644 337 est
665 304 801 348 leprosa
832 303 918 336 sicut
948 302 1043 336 Πίκειι
1074 302 1358 336 considerandum

225 365 415 408 diligentius
440 374 496 403 cst.
521 366 615 409 quod
639 364 731 409 prius
756 365 884 398 recedit
906 365 1031 404 nubes,
1064 373 1095 397 et
1118 364 1162 397 ita
1187 364 1282 408 lepra
1305 376 1359 396 re-

223 427 354 471 pletur:
386 436 424 459 ut
447 428 661 467 ostendatur,
685 426 782 471 quia,
809 426 907 460 etiam
935 426 961 459 si
986 436 1034 460 est
1055 426 1089 459 in
1114 426 1229 470 aliqu'o
1254 425 1359 467 gratia

222 487 329 521 sancti
353 487 507 532 Spiritus,
531 498 564 522 et
588 490 762 527 obtrectat,
789 498 821 522 et
840 488 995 529 detrahit,
1017 487 1145 521 recedit
1166 488 1209 519 ab
1227 500 1268 520 eo
1281 495 1360 531 post

224 549 525 591 obtrectationem,
559 560 590 583 et
620 551 666 584 sic
696 552 790 594 lepra
820 550 972 595 repletur
1002 550 1114 582 anima
1139 548 1220 594 ejus.
1267 548 1355 581 Nam

224 621 255 645 et
278 613 429 656 populus
452 612 509 646 ille
534 612 630 657 prior
655 612 775 657 habuit
799 612 833 645 in
858 625 893 645 se
917 611 1055 654 gratiam
1080 610 1157 650 Dei,
1179 612 1239 644 sed
1263 619 1357 655 post-

223 686 326 718 quam
349 672 385 705 in
407 686 525 706 verum
548 673 689 715 Mosen,
721 673 912 707 Dominum
936 682 1092 706 nostrum
1114 672 1231 705 Jesum
1258 670 1358 704 Chri-

223 745 312 768 stum
338 736 560 768 extenderunt
583 734 712 776 linguas
731 734 962 780 blasphemiae
983 747 1073 773 suae,
1098 733 1245 766 discessit
1259 732 1301 765 ab
1316 732 1358 765 il-

221 797 261 830 lis
287 798 414 837 nubes,
451 805 483 829 et
506 795 657 829 transivit
680 797 809 830 ad'nos
834 796 870 829 in
895 805 1048 829 montem
1075 795 1252 834 excelsum,
1279 807 1357 827 cum

221 859 377 891 Salvator
401 867 516 891 noster
538 859 794 891 transformatus
820 867 885 897 est,
914 866 947 891 et
968 858 1076 890 nubes
1100 857 1267 897 refulgens
1294 856 1356 888 ob-

219 920 389 953 umbravit
421 918 605 964 discipulos
637 918 726 966 ejus,
759 929 791 953 et
820 921 910 953 venit
939 933 1002 952 vox
1027 919 1069 951 de
1091 920 1203 957 nube,
1227 917 1358 951 dicens:

219 982 296 1021 „liic
312 982 348 1024 ²)
380 991 428 1014 est
459 982 545 1015 filius
576 995 671 1015 meus
703 981 952 1020 dilectissimus,
985 980 1020 1013 in
1055 993 1124 1024 quo
1155 978 1240 1012 mihi
1268 979 1358 1011 bene

220 1043 443 1087 complacui.“
488 1043 571 1076 Post
594 1044 662 1076 hoc
688 1056 766 1085 ergo
792 1043 903 1076 Μανία
927 1043 1014 1075 sacta
1039 1051 1087 1074 est
1111 1042 1247 1086 leprosa
1270 1040 1358 1073 sicut

217 1104 284 1136 nix.
332 1105 454 1137 Donec
479 1106 594 1138 aderat
617 1106 742 1144 nubes,
774 1104 885 1137 Maria
917 1116 988 1136 non
1015 1112 1085 1135 erat
1110 1104 1262 1148 leprosa,
1295 1102 1356 1134 sed

219 1179 296 1198 cum
323 1166 476 1200 discessit.
530 1167 654 1199 Donec
686 1165 775 1199 enim
798 1165 942 1198 visitatio
967 1163 1035 1197 Dei
1060 1173 1131 1197 erat
1160 1163 1195 1196 in
1219 1163 1354 1207 po'pulo

217 1228 295 1267 illo,
327 1241 398 1260 non
426 1238 496 1261 erat
524 1229 689 1273 leprosus.
754 1227 825 1259 Ubi
855 1232 935 1259 ‘iero
967 1226 1132 1265 discessit,
1169 1223 1354 1267 ignominia

216 1291 327 1322 vultus
352 1290 403 1322 sui
429 1290 576 1323 contexit
600 1303 688 1323 eum.
737 1289 806 1323 Sed
831 1298 862 1321 et
885 1302 948 1322 nos
971 1287 1166 1326 timeamus,
1197 1299 1243 1319 ne
1266 1287 1355 1318 forte

217 1352 403 1392 effugemus
435 1365 453 1384 a
489 1352 589 1384 nobis
624 1352 712 1383 hanc
745 1352 873 1383 nubem
908 1350 996 1382 male
1030 1349 1227 1393 loquendo,
1264 1346 1354 1379 male

217 1413 360 1455 agendo,
384 1414 471 1445 male
496 1413 694 1454 cogitando:
721 1421 751 1444 et
766 1420 846 1444 tunc
871 1409 1049 1456 apparebit
1071 1410 1108 1442 in
1131 1409 1233 1442 nobis
1257 1408 1353 1452 lepra

215 1474 355 1519 peccati,
381 1489 457 1507 cum
482 1473 666 1508 deseruerit
688 1487 751 1506 nos
776 1473 878 1515 gratia
903 1472 980 1506 Dei.

304 1536 335 1570 3.
358 1536 472 1581 ,‚Et³)
497 1535 640 1580 respexit
664 1537 778 1568 Aaron
805 1536 847 1568 ad
870 1533 1027 1571 Mariam,
1054 1541 1084 1565 et
1109 1543 1198 1570 ecce,
1221 1540 1292 1564 erat
1304 1531 1352 1563 le-

217 1610 331 1642 prosa.
384 1597 427 1631 Et
459 1598 539 1630 dixit
563 1599 680 1630 Aaron
704 1597 747 1629 ad
771 1597 915 1630 Mosen:
945 1608 1079 1640 precor,
1105 1593 1278 1632 Domine,
1308 1604 1351 1624 ne

217 1662 398 1697 contuleris
422 1662 458 1694 in
480 1673 545 1692 nos
568 1668 744 1703 peccatum
759 1683 767 1698 ,
800 1657 963 1703 quoniam
995 1655 1222 1698 ignoravimus
1255 1653 1351 1697 quod

212 1724 434 1771 peccavimus.
480 1723 531 1771 δι’,
554 1722 612 1754 fiat
634 1721 741 1753 simile
753 1719 785 1763 4)
809 1719 924 1758 morti,
948 1727 980 1750 et
1004 1726 1041 1750 ut
1063 1717 1204 1748 aborsus
1229 1713 1351 1760 ejectus

215 1789 257 1820 de
289 1788 383 1819 vulva
417 1784 549 1824 matris,
588 1782 666 1826 et5)
703 1782 852 1815 comedit
889 1779 1071 1812 dimidium
1104 1776 1213 1810 carnis
1245 1774 1350 1821 ejus.“

212 1850 296 1882 Vult
319 1849 354 1881 in
379 1848 444 1879 hoc
469 1845 665 1884 ostendere,
699 1844 795 1888 quod
823 1842 973 1886 populus
1007 1841 1064 1873 ille
1086 1840 1252 1872 formatus
1276 1837 1351 1882 qui-

213 1912 291 1943 dern
317 1911 418 1943 suerit
447 1909 482 1941 in
514 1908 612 1939 vulva
641 1905 758 1938 matris
787 1917 868 1938 suae
889 1914 1094 1950 synagogae,
1127 1914 1200 1946 non
1235 1908 1348 1933 tamen

1410 1968 1416 2001 *l

305 2072 340 2115 ¹)
363 2071 466 2103 Num.
492 2069 570 2109 ΧΠ,
594 2070 646 2104 10.
741 2067 779 2110 2)
804 2065 924 2098 Matth.
947 2063 1057 2102 XVII,
1080 2063 1112 2096 5.

303 2128 341 2170 3)
365 2128 467 2159 Num.
491 2125 567 2164 Xil,
591 2126 644 2157 10.
669 2124 722 2157 11.
748 2124 799 2158 12.
1408 2132 1417 2161 ·,

303 2182 340 2226 ⁴)
364 2183 444 2215 Mss.
467 2180 629 2221 „simile.“
659 2179 752 2211 Libri
778 2176 856 2210 editi
887 2175 935 2220 (v.
960 2188 988 2208 c.
1013 2175 1090 2207 edd.
1114 2173 1201 2220 Μ.);
1232 2171 1345 2212 „simi-

211 2229 288 2271 lis;“
312 2228 411 2265 male,
437 2239 513 2259 curn
537 2225 573 2257 in
598 2237 717 2266 graeco
743 2232 834 2256 textu
856 2222 1001 2263 legatur:
1027 2218 1113 2254 ὡσεὶ
1135 2222 1228 2253 ἶσον.
1251 2217 1292 2251 R.

304 2285 339 2328 ⁵)
363 2284 450 2317 Edd.
477 2280 616 2314 Merlini
641 2290 840 2324 perperam:
865 2289 906 2310 cn
932 2275 1081 2310 comedit
1106 2284 1165 2309 etc.
