1427 2460
232 89 300 126 194
713 86 890 120 Omomus

235 190 294 215 aut
315 178 479 217 sortium,
513 177 703 211 secundum
729 190 767 210 ea
791 177 903 218 signa,
934 188 1021 221 quae
1053 176 1247 210 docuerunt
1270 177 1374 211 iidem

235 244 420 276 daemones
449 238 620 272 observari
651 240 694 271 ab
720 239 777 278 iis,
815 237 940 283 quibus
972 237 1050 271 artis
1074 236 1176 283 hujus
1198 238 1372 273 scientiam

236 304 462 338 tradiderunt.
516 301 547 333 A
579 300 703 345 quihus
733 300 892 334 omnibus
922 300 966 339 is,
1003 299 1062 344 qui
1093 300 1199 333 homo
1224 299 1293 333 Dei
1315 309 1374 341 est,

233 375 270 400 et
292 365 327 399 in
351 363 515 410 portione
539 361 607 395 Dei
637 371 856 401 numeratur,
892 362 1026 406 penitus
1059 374 1129 395 esse
1161 361 1263 394 debet
1293 361 1374 394 alie-

233 441 316 467 nuS,
350 438 414 459 nec
450 425 578 469 aliquid
611 424 647 457 in
681 424 720 458 iis
750 424 878 457 habere
908 437 1107 465 commune,
1145 436 1232 468 quae
1256 423 1374 456 occul-

232 488 321 532 ἀεὶ)
345 485 509 521 machinis
534 488 718 519 daemones
750 494 955 531 operantur:
991 499 1036 519 ne
1059 487 1149 518 forte
1172 498 1287 518 rursus
1313 485 1386 530 per'

232 551 317 584 haec
342 549 567 583 daemonibus
591 548 757 587 societur,
782 557 883 592 atque
908 560 1026 580 eorum
1051 546 1172 591 spiritu
1197 556 1229 579 et
1251 547 1373 579 virtute

232 613 414 657 repleatur,
439 619 471 643 et
495 611 537 643 ad
564 611 741 643 idolorum
756 610 884 643 cultum
907 610 1022 642 denuo
1042 617 1231 653 reparetur,
1277 608 1372 642 Haec

227 674 323 708 enim
348 672 463 707 omnia
487 670 604 714 religio
629 680 744 705 nostra
769 671 883 705 divina
908 680 940 704 et
963 671 1117 705 coelestis
1147 668 1299 716 abjurat,
1334 670 1372 704 in

229 735 377 769 Levitico
403 734 542 780 quidem
568 743 682 779 aperta
707 735 779 776 lege
798 733 993 775 designans,
1019 741 1051 766 et
1076 733 1208 766 dicens:
1234 732 1371 776 „uon²)

227 796 433 837 divinabitis,
455 808 569 840 neque
593 795 875 837 augurabimini.“
920 794 965 827 Et
988 804 1066 840 post
1088 807 1212 840 pauca:
1237 794 1371 838 „non³)

230 857 438 905 sequemini,
462 856 590 902 inquit,
616 858 864 902 ventriloquos,
899 869 963 889 nec
994 855 1229 902 adjungemini
1252 858 1293 889 ad
1317 855 1372 889 in-

231 930 439 959 cantatores,
469 927 508 952 ut
532 918 815 952 contaminemini
838 918 874 952 in
898 918 955 952 iis:
991 931 1053 961 ego
1077 917 1251 951 Dominus
1274 918 1370 951 Deus

229 986 370 1017 vester.“
420 981 465 1014 Et
494 981 615 1013 iterum
648 980 684 1013 in
713 981 1010 1014 Deuteronomio:
1042 980 1096 1020 „si
1109 979 1146 1024 ⁶²)
1178 989 1291 1013 autem
1320 988 1370 1020 tu,

228 1044 359 1090 inquit,
393 1042 564 1076 introieris
594 1042 630 1075 in
661 1052 803 1082 terram,
841 1056 943 1087 quam
974 1042 1149 1075 Dominus
1172 1042 1269 1075 Deus
1291 1051 1369 1075 tuus

229 1105 326 1140 dabit
348 1105 429 1144 tibi,
471 1117 544 1136 non
577 1103 684 1137 discas
716 1104 828 1137 facere
864 1105 1055 1137 secundum
1093 1104 1369 1138 abominationes

226 1159 380 1210 gentium
403 1165 558 1204 illarum,
582 1178 654 1198 non
677 1164 868 1198 inveniatur
890 1164 926 1197 in
950 1174 1004 1205 te,
1035 1164 1094 1210 qui
1117 1165 1235 1198 lustret
1257 1160 1368 1200 filium

226 1243 344 1269 suum,
368 1236 426 1261 aut
448 1227 554 1260 filiam
577 1240 675 1260 suam
699 1227 786 1269 igni,
809 1239 923 1272 neque
956 1226 1112 1260 divinans
1146 1227 1367 1268 divinatione,

225 1303 339 1335 neque
367 1289 511 1323 sortiens
539 1287 706 1328 sortibus,
743 1301 857 1334 neque
880 1289 1072 1329 maleficus,
1107 1301 1220 1334 neque
1247 1288 1366 1322 incan-

224 1360 332 1391 tator,
363 1362 476 1394 neque
499 1349 749 1394 ventriloquus,
781 1362 894 1395 neque
917 1358 1157 1395 portentorum
1181 1350 1366 1395 inspector,

223 1425 337 1458 neque
365 1411 577 1452 interrogans
610 1420 777 1445 mortuos⁴
834 1411 896 1444 Est
928 1411 1019 1444 enim
1051 1404 1262 1445 abominatio
1287 1412 1366 1446 Do·

224 1476 339 1514 mino,
375 1472 486 1507 omm's
511 1471 570 1516 qui
592 1471 672 1505 facit
696 1473 795 1506 haec:
831 1481 977 1518 propter
1004 1472 1082 1506 istas
1113 1473 1203 1506 enim
1228 1473 1364 1507 abomi-

223 1536 379 1571 nationes
414 1533 589 1568 Dominus
621 1533 717 1567 Deus
746 1544 823 1568 tuus
855 1535 972 1568 evertit
997 1543 1110 1576 gentes
1132 1535 1210 1569 istas
1233 1548 1252 1568 a
1277 1549 1362 1569 con-

222 1607 340 1644 spectu
363 1601 458 1631 tuo.“
503 1596 541 1629 In
568 1596 690 1640 quibus
715 1596 874 1630 omnIbus
897 1595 1031 1629 videtur
1055 1598 1251 1637 ostendere,
1283 1596 1362 1642 quia

226 1659 355 1699 omnis,
384 1658 442 1703 qui
465 1657 502 1691 in
524 1657 564 1692 iis
587 1667 755 1701 versatur,
794 1657 881 1691 nihil
906 1658 998 1692 aliud
1022 1658 1140 1698 faciat,
1177 1658 1242 1692 nisi
1264 1671 1360 1693 mor-

222 1731 300 1755 tuos
323 1721 517 1760 interroget.
572 1719 703 1753 Mortui
726 1729 804 1754 sunt
828 1720 938 1760 enim,
975 1720 1053 1765 quia
1076 1733 1149 1753 non
1173 1729 1252 1754 sunt
1273 1720 1360 1754 vitae

221 1782 410 1829 participes.
456 1781 551 1816 Deus
575 1790 690 1814 autem
714 1781 898 1827 noster,⁵)
930 1781 1083 1814 vivorum
1107 1782 1202 1816 Deus
1227 1792 1290 1822 est,
1327 1791 1360 1815 et

220 1858 294 1878 uon
317 1853 546 1877 mortuorum.
593 1842 654 1877 His
667 1842 708 1887 ⁶)
740 1853 852 1877 autem
878 1843 1039 1877 omnibus
1062 1843 1193 1886 legibus
1217 1844 1354 1878 additur

1394 1866 1403 1939 Α-<.,ς.ὀ-
1391 1669 1404 1852 2-..-tQ-..ss
1402 1623 1404 1628 ,
1402 1596 1403 1600 Α

320 1962 354 2004 ¹)
379 1960 468 1995 Cod.
493 1959 727 2007 Corbejensis:
750 1960 949 2004 ‚,0ecultis.“
995 1960 1090 1995 Alias
1116 1961 1163 2006 (e.
1179 1974 1208 1995 c.
1226 1960 1264 1994 in
1278 1960 1355 1994 edd.
1376 1938 1403 1986 ’ῆι

300 2021 306 2027 ι
496 2008 517 2026 ⁴⁸

220 2006 596 2106 Μ”)π’)ὀὶἶῗῗ’Χῐῗέ,
617 2062 672 2097 26.
877 2060 915 2104 ε)
938 2060 1041 2095 Levit.
1065 2061 1162 2102 xlx,
1185 2061 1241 2096 31.

313 2118 350 2162 ι)
373 2119 476 2152 Dent.
500 2118 628 2158 xvm,
650 2118 721 2152 9-
735 2118 789 2152 12.

311 2173 348 2218 ⁸)
371 2174 478 2207 Deest
507 2178 667 2215 ‚,noster“
702 2175 738 2207 in
770 2182 868 2207 antea
899 2174 996 2208 editis
1045 2187 1075 2206 v.
1106 2186 1133 2206 c.
1165 2172 1242 2206 edd.
1275 2171 1352 2216 M.),
1383 2182 1387 2185 ’

217 2219 277 2253 sed
301 2218 447 2251 habetur
468 2218 504 2251 in
528 2219 607 2252 Mss.
630 2219 671 2253 R.
696 2237 739 2244 —
765 2217 835 2252 Csr.
860 2218 980 2252 Matth.
1004 2218 1037 2252 X
1077 2217 1119 2259 II,
1141 2217 1194 2252 32.

308 2274 346 2320 ⁶)
368 2275 458 2308 Edd.
484 2272 638 2309 Merlini:
664 2274 706 2308 lis
731 2283 844 2309 autem
869 2282 930 2308 etc.
