<?xml version="1.0" encoding="UTF-8"?>
<!DOCTYPE html PUBLIC "-//W3C//DTD XHTML 1.0 Transitional//EN"
    "http://www.w3.org/TR/xhtml1/DTD/xhtml1-transitional.dtd">
<html xmlns="http://www.w3.org/1999/xhtml" xml:lang="en" lang="en">
 <head>
  <title>
</title>
<meta http-equiv="Content-Type" content="text/html;charset=utf-8" />
  <meta name='ocr-system' content='tesseract 3.04.00' />
  <meta name='ocr-capabilities' content='ocr_page ocr_carea ocr_par ocr_line ocrx_word'/>
</head>
<body>
  <div class='ocr_page' id='page_1' title='image "./operaomniaquaegr10orig/operaomniaquaegr10orig_0121.png"; bbox 0 0 1427 2460; ppageno 0'>
   <div class='ocr_carea' id='block_1_1' title="bbox 388 92 1190 128">
    <p class='ocr_par' dir='ltr' id='par_1_1' title="bbox 388 92 1190 128">
     <span class='ocr_line' id='line_1_1' title="bbox 388 92 1190 128; baseline 0.001 -1"><span class='ocrx_word' id='word_1_1' title='bbox 388 105 423 128; x_wconf 78' lang='grc' dir='ltr'>ΙΝ</span> <span class='ocrx_word' id='word_1_2' title='bbox 454 94 633 126; x_wconf 73' lang='lat' dir='ltr'>Nummos</span> <span class='ocrx_word' id='word_1_3' title='bbox 657 92 816 126; x_wconf 79' lang='lat' dir='ltr'><strong>HOMtLIA</strong></span> <span class='ocrx_word' id='word_1_4' title='bbox 835 95 878 126; x_wconf 89' lang='lat' dir='ltr'>X.</span> <span class='ocrx_word' id='word_1_5' title='bbox 1145 93 1190 128; x_wconf 85' lang='lat'>99</span> 
     </span>
    </p>
   </div>
   <div class='ocr_carea' id='block_1_2' title="bbox 52 182 1190 1450">
    <p class='ocr_par' dir='ltr' id='par_1_2' title="bbox 52 182 1190 1450">
     <span class='ocr_line' id='line_1_2' title="bbox 60 182 1188 230; baseline -0.003 -11"><span class='ocrx_word' id='word_1_6' title='bbox 60 187 155 219; x_wconf 82' lang='lat' dir='ltr'>dotes</span> <span class='ocrx_word' id='word_1_7' title='bbox 178 185 369 230; x_wconf 80' lang='lat' dir='ltr'>praecipue,</span> <span class='ocrx_word' id='word_1_8' title='bbox 394 195 480 227; x_wconf 82' lang='lat' dir='ltr'>quae</span> <span class='ocrx_word' id='word_1_9' title='bbox 502 182 591 215; x_wconf 82' lang='lat' dir='ltr'>intra</span> <span class='ocrx_word' id='word_1_10' title='bbox 612 183 763 216; x_wconf 77' lang='lat' dir='ltr'>velamen</span> <span class='ocrx_word' id='word_1_11' title='bbox 788 186 907 216; x_wconf 84' lang='lat' dir='ltr'>sunt:“</span> <span class='ocrx_word' id='word_1_12' title='bbox 933 182 1022 215; x_wconf 80' lang='lat' dir='ltr'><strong>velut</strong></span> <span class='ocrx_word' id='word_1_13' title='bbox 1045 182 1072 216; x_wconf 88' lang='lat' dir='ltr'>si</span> <span class='ocrx_word' id='word_1_14' title='bbox 1097 182 1188 216; x_wconf 87' lang='lat' dir='ltr'>dice-</span> 
     </span>
     <span class='ocr_line' id='line_1_3' title="bbox 56 243 1188 283; baseline -0.004 -3"><span class='ocrx_word' id='word_1_15' title='bbox 56 256 123 280; x_wconf 83' lang='lat' dir='ltr'>ret:</span> <span class='ocrx_word' id='word_1_16' title='bbox 152 259 230 279; x_wconf 80' lang='lat' dir='ltr'>cura</span> <span class='ocrx_word' id='word_1_17' title='bbox 263 246 303 278; x_wconf 87' lang='lat' dir='ltr'>sit</span> <span class='ocrx_word' id='word_1_18' title='bbox 333 244 581 283; x_wconf 80' lang='lat' dir='ltr'>sacerdotibus,</span> <span class='ocrx_word' id='word_1_19' title='bbox 618 243 784 276; x_wconf 80' lang='lat' dir='ltr'>evidentia</span> <span class='ocrx_word' id='word_1_20' title='bbox 816 257 854 277; x_wconf 84' lang='lat' dir='ltr'>ac</span> <span class='ocrx_word' id='word_1_21' title='bbox 886 243 1059 276; x_wconf 68' lang='lat' dir='ltr'>manifesta</span> <span class='ocrx_word' id='word_1_22' title='bbox 1091 257 1188 277; x_wconf 84' lang='lat' dir='ltr'>man-</span> 
     </span>
     <span class='ocr_line' id='line_1_4' title="bbox 57 304 1189 350; baseline -0.003 -9"><span class='ocrx_word' id='word_1_23' title='bbox 57 309 134 341; x_wconf 80' lang='lat' dir='ltr'>data</span> <span class='ocrx_word' id='word_1_24' title='bbox 160 307 291 340; x_wconf 85' lang='lat' dir='ltr'>divinae</span> <span class='ocrx_word' id='word_1_25' title='bbox 313 304 392 347; x_wconf 82' lang='lat' dir='ltr'>legis</span> <span class='ocrx_word' id='word_1_26' title='bbox 415 304 568 349; x_wconf 83' lang='lat' dir='ltr'>implere,</span> <span class='ocrx_word' id='word_1_27' title='bbox 594 313 626 337; x_wconf 88' lang='lat' dir='ltr'>et</span> <span class='ocrx_word' id='word_1_28' title='bbox 647 305 808 349; x_wconf 78' lang='lat' dir='ltr'>mysteria</span> <span class='ocrx_word' id='word_1_29' title='bbox 834 304 904 350; x_wconf 78' lang='lat' dir='ltr'>ejus</span> <span class='ocrx_word' id='word_1_30' title='bbox 936 304 1133 338; x_wconf 82' lang='lat' dir='ltr'>abscondita</span> <span class='ocrx_word' id='word_1_31' title='bbox 1158 315 1189 338; x_wconf 84' lang='lat' dir='ltr'>et</span> 
     </span>
     <span class='ocr_line' id='line_1_5' title="bbox 56 357 1186 411; baseline -0.002 -9"><span class='ocrx_word' id='word_1_32' title='bbox 56 370 161 402; x_wconf 82' lang='lat' dir='ltr'><strong>velata</strong></span> <span class='ocrx_word' id='word_1_33' title='bbox 186 367 279 400; x_wconf 88' lang='lat' dir='ltr'>omni</span> <span class='ocrx_word' id='word_1_34' title='bbox 303 357 512 411; x_wconf 68' lang='lat' dir='ltr'>perspicacia</span> <span class='ocrx_word' id='word_1_35' title='bbox 538 367 702 400; x_wconf 84' lang='lat' dir='ltr'>contueri.</span> <span class='ocrx_word' id='word_1_36' title='bbox 757 366 794 400; x_wconf 86' lang='lat' dir='ltr'>Si</span> <span class='ocrx_word' id='word_1_37' title='bbox 824 380 904 399; x_wconf 88' lang='lat' dir='ltr'>vero</span> <span class='ocrx_word' id='word_1_38' title='bbox 936 369 979 400; x_wconf 81' lang='lat' dir='ltr'>ad</span> <span class='ocrx_word' id='word_1_39' title='bbox 1012 367 1186 401; x_wconf 84' lang='lat' dir='ltr'>hominem</span> 
     </span>
     <span class='ocr_line' id='line_1_6' title="bbox 56 427 1186 472; baseline 0 -11"><span class='ocrx_word' id='word_1_40' title='bbox 56 429 134 463; x_wconf 87' lang='lat' dir='ltr'>velis</span> <span class='ocrx_word' id='word_1_41' title='bbox 168 429 294 461; x_wconf 80' lang='lat' dir='ltr'>referre</span> <span class='ocrx_word' id='word_1_42' title='bbox 323 428 581 461; x_wconf 80' lang='lat' dir='ltr'>tabernaculum</span> <span class='ocrx_word' id='word_1_43' title='bbox 613 428 815 461; x_wconf 78' lang='lat' dir='ltr'>testimonii:</span> <span class='ocrx_word' id='word_1_44' title='bbox 849 427 1011 472; x_wconf 84' lang='lat' dir='ltr'>quoniam</span> <span class='ocrx_word' id='word_1_45' title='bbox 1047 428 1186 472; x_wconf 87' lang='lat' dir='ltr'>quidem</span> 
     </span>
     <span class='ocr_line' id='line_1_7' title="bbox 56 488 1186 533; baseline 0 -11"><span class='ocrx_word' id='word_1_46' title='bbox 56 502 181 533; x_wconf 87' lang='lat' dir='ltr'>corpus</span> <span class='ocrx_word' id='word_1_47' title='bbox 212 488 360 522; x_wconf 84' lang='lat' dir='ltr'>hominis</span> <span class='ocrx_word' id='word_1_48' title='bbox 392 490 649 522; x_wconf 79' lang='lat' dir='ltr'>tabernaculum</span> <span class='ocrx_word' id='word_1_49' title='bbox 687 489 812 522; x_wconf 80' lang='lat' dir='ltr'>Paulus</span> <span class='ocrx_word' id='word_1_50' title='bbox 852 489 1016 532; x_wconf 73' lang='lat' dir='ltr'>appellat,</span> <span class='ocrx_word' id='word_1_51' title='bbox 1052 489 1186 522; x_wconf 81' lang='lat' dir='ltr'>dicens:</span> 
     </span>
     <span class='ocr_line' id='line_1_8' title="bbox 58 549 1186 595; baseline -0.001 -12"><span class='ocrx_word' id='word_1_52' title='bbox 58 551 146 595; x_wconf 84' lang='lat' dir='ltr'>„qui</span> <span class='ocrx_word' id='word_1_53' title='bbox 163 550 199 594; x_wconf 84' lang='lat'>¹)</span> <span class='ocrx_word' id='word_1_54' title='bbox 224 549 313 583; x_wconf 86' lang='lat' dir='ltr'>enim</span> <span class='ocrx_word' id='word_1_55' title='bbox 337 563 451 583; x_wconf 85' lang='lat' dir='ltr'>sumus</span> <span class='ocrx_word' id='word_1_56' title='bbox 475 551 510 583; x_wconf 86' lang='lat' dir='ltr'>in</span> <span class='ocrx_word' id='word_1_57' title='bbox 533 551 756 583; x_wconf 75' lang='lat' dir='ltr'>tabernaculo</span> <span class='ocrx_word' id='word_1_58' title='bbox 780 551 856 590; x_wconf 87' lang='lat' dir='ltr'>hoc,</span> <span class='ocrx_word' id='word_1_59' title='bbox 880 549 1042 591; x_wconf 80' lang='lat' dir='ltr'>gemimus</span> <span class='ocrx_word' id='word_1_60' title='bbox 1073 562 1186 592; x_wconf 81' lang='lat' dir='ltr'>aggra-</span> 
     </span>
     <span class='ocr_line' id='line_1_9' title="bbox 54 611 1185 656; baseline -0.001 -11"><span class='ocrx_word' id='word_1_61' title='bbox 54 612 138 646; x_wconf 81' lang='lat' dir='ltr'>vati:</span> <span class='ocrx_word' id='word_1_62' title='bbox 163 612 199 644; x_wconf 85' lang='lat' dir='ltr'>in</span> <span class='ocrx_word' id='word_1_63' title='bbox 215 625 284 656; x_wconf 89' lang='lat' dir='ltr'>quo</span> <span class='ocrx_word' id='word_1_64' title='bbox 310 612 470 644; x_wconf 88' lang='lat' dir='ltr'>nolumus</span> <span class='ocrx_word' id='word_1_65' title='bbox 495 612 681 656; x_wconf 77' lang='lat' dir='ltr'>exspoliari,</span> <span class='ocrx_word' id='word_1_66' title='bbox 706 612 763 644; x_wconf 86' lang='lat' dir='ltr'>sed</span> <span class='ocrx_word' id='word_1_67' title='bbox 782 611 992 656; x_wconf 79' lang='lat' dir='ltr'>supervestiri</span> <span class='ocrx_word' id='word_1_68' title='bbox 1003 615 1032 644; x_wconf 89' lang='lat'>:“</span> <span class='ocrx_word' id='word_1_69' title='bbox 1055 611 1082 644; x_wconf 81' lang='lat' dir='ltr'>si</span> <span class='ocrx_word' id='word_1_70' title='bbox 1107 625 1185 654; x_wconf 82' lang='lat' dir='ltr'>ergo</span> 
     </span>
     <span class='ocr_line' id='line_1_10' title="bbox 55 672 1189 713; baseline -0.001 -7"><span class='ocrx_word' id='word_1_71' title='bbox 55 674 99 706; x_wconf 86' lang='lat' dir='ltr'>ad</span> <span class='ocrx_word' id='word_1_72' title='bbox 124 673 300 706; x_wconf 82' lang='lat' dir='ltr'>hominem</span> <span class='ocrx_word' id='word_1_73' title='bbox 324 673 582 706; x_wconf 78' lang='lat' dir='ltr'>tabernaculum</span> <span class='ocrx_word' id='word_1_74' title='bbox 606 675 800 712; x_wconf 83' lang='lat' dir='ltr'>referamus,</span> <span class='ocrx_word' id='word_1_75' title='bbox 824 672 983 705; x_wconf 75' lang='lat' dir='ltr'>interiora</span> <span class='ocrx_word' id='word_1_76' title='bbox 1005 672 1189 713; x_wconf 77' lang='lat' dir='ltr'>velaminis,</span> 
     </span>
     <span class='ocr_line' id='line_1_11' title="bbox 53 733 1186 778; baseline 0 -12"><span class='ocrx_word' id='word_1_77' title='bbox 53 734 114 767; x_wconf 90' lang='lat' dir='ltr'>ubi</span> <span class='ocrx_word' id='word_1_78' title='bbox 138 734 379 768; x_wconf 79' lang='lat' dir='ltr'>inaccessibilia</span> <span class='ocrx_word' id='word_1_79' title='bbox 405 743 647 776; x_wconf 63' lang='lat' dir='ltr'>conteguntur„</span> <span class='ocrx_word' id='word_1_80' title='bbox 678 734 866 778; x_wconf 79' lang='lat' dir='ltr'>principale</span> <span class='ocrx_word' id='word_1_81' title='bbox 891 733 1001 767; x_wconf 87' lang='lat' dir='ltr'>cordis</span> <span class='ocrx_word' id='word_1_82' title='bbox 1027 733 1186 772; x_wconf 80' lang='lat' dir='ltr'>dicemus,</span> 
     </span>
     <span class='ocr_line' id='line_1_12' title="bbox 52 795 1187 842; baseline 0 -14"><span class='ocrx_word' id='word_1_83' title='bbox 52 796 147 839; x_wconf 89' lang='lat' dir='ltr'>quod</span> <span class='ocrx_word' id='word_1_84' title='bbox 170 797 283 829; x_wconf 87' lang='lat' dir='ltr'>solum</span> <span class='ocrx_word' id='word_1_85' title='bbox 307 795 458 839; x_wconf 85' lang='lat' dir='ltr'>recipere</span> <span class='ocrx_word' id='word_1_86' title='bbox 482 805 593 840; x_wconf 83' lang='lat' dir='ltr'>potest</span> <span class='ocrx_word' id='word_1_87' title='bbox 626 795 781 842; x_wconf 82' lang='lat' dir='ltr'>mysteria</span> <span class='ocrx_word' id='word_1_88' title='bbox 813 795 975 837; x_wconf 82' lang='lat' dir='ltr'>veritatis,</span> <span class='ocrx_word' id='word_1_89' title='bbox 1016 805 1047 828; x_wconf 84' lang='lat' dir='ltr'>et</span> <span class='ocrx_word' id='word_1_90' title='bbox 1083 809 1187 840; x_wconf 74' lang='lat' dir='ltr'>capax</span> 
     </span>
     <span class='ocr_line' id='line_1_13' title="bbox 53 855 1188 898; baseline -0.001 -9"><span class='ocrx_word' id='word_1_91' title='bbox 53 869 122 890; x_wconf 85' lang='lat' dir='ltr'>esse</span> <span class='ocrx_word' id='word_1_92' title='bbox 147 869 349 890; x_wconf 79' lang='lat' dir='ltr'>arcanorum</span> <span class='ocrx_word' id='word_1_93' title='bbox 372 856 449 889; x_wconf 85' lang='lat' dir='ltr'>Dei.</span> <span class='ocrx_word' id='word_1_94' title='bbox 497 857 624 890; x_wconf 81' lang='lat' dir='ltr'>Altaria</span> <span class='ocrx_word' id='word_1_95' title='bbox 649 870 728 890; x_wconf 86' lang='lat' dir='ltr'>vero</span> <span class='ocrx_word' id='word_1_96' title='bbox 756 858 836 898; x_wconf 85' lang='lat' dir='ltr'>duo,</span> <span class='ocrx_word' id='word_1_97' title='bbox 861 856 896 889; x_wconf 88' lang='lat' dir='ltr'>id</span> <span class='ocrx_word' id='word_1_98' title='bbox 913 866 970 897; x_wconf 81' lang='lat' dir='ltr'>est,</span> <span class='ocrx_word' id='word_1_99' title='bbox 991 855 1130 890; x_wconf 84' lang='lat' dir='ltr'>interius</span> <span class='ocrx_word' id='word_1_100' title='bbox 1156 865 1188 889; x_wconf 86' lang='lat' dir='ltr'>et</span> 
     </span>
     <span class='ocr_line' id='line_1_14' title="bbox 52 916 1184 962; baseline 0.001 -13"><span class='ocrx_word' id='word_1_101' title='bbox 52 916 203 957; x_wconf 83' lang='lat' dir='ltr'>exterius,</span> <span class='ocrx_word' id='word_1_102' title='bbox 228 916 392 961; x_wconf 81' lang='lat' dir='ltr'>quoniam</span> <span class='ocrx_word' id='word_1_103' title='bbox 416 918 520 950; x_wconf 78' lang='lat' dir='ltr'>altare</span> <span class='ocrx_word' id='word_1_104' title='bbox 545 917 707 951; x_wconf 78' lang='lat' dir='ltr'>orationis</span> <span class='ocrx_word' id='word_1_105' title='bbox 720 918 884 951; x_wconf 83' lang='lat' dir='ltr'>indicium</span> <span class='ocrx_word' id='word_1_106' title='bbox 909 927 965 958; x_wconf 80' lang='lat' dir='ltr'>est,</span> <span class='ocrx_word' id='word_1_107' title='bbox 988 918 1074 951; x_wconf 84' lang='lat' dir='ltr'>illud</span> <span class='ocrx_word' id='word_1_108' title='bbox 1099 927 1184 962; x_wconf 87' lang='lat' dir='ltr'><strong>puto</strong></span> 
     </span>
     <span class='ocr_line' id='line_1_15' title="bbox 52 967 1186 1024; baseline -0.001 -11"><span class='ocrx_word' id='word_1_109' title='bbox 52 978 254 1020; x_wconf 71' lang='lat' dir='ltr'>significare,</span> <span class='ocrx_word' id='word_1_110' title='bbox 277 978 314 1022; x_wconf 82' lang='grc'>2)</span> <span class='ocrx_word' id='word_1_111' title='bbox 355 967 449 1022; x_wconf 90' lang='lat' dir='ltr'>quod</span> <span class='ocrx_word' id='word_1_112' title='bbox 482 978 563 1012; x_wconf 83' lang='lat' dir='ltr'>dicit</span> <span class='ocrx_word' id='word_1_113' title='bbox 594 980 794 1024; x_wconf 85' lang='lat' dir='ltr'>Apostolus:</span> <span class='ocrx_word' id='word_1_114' title='bbox 837 980 967 1019; x_wconf 86' lang='lat' dir='ltr'><strong>„orabo</strong></span> <span class='ocrx_word' id='word_1_115' title='bbox 989 979 1025 1024; x_wconf 82' lang='grc'>3)</span> <span class='ocrx_word' id='word_1_116' title='bbox 1055 979 1186 1024; x_wconf 86' lang='lat' dir='ltr'>spiritu,</span> 
     </span>
     <span class='ocr_line' id='line_1_16' title="bbox 53 1039 1187 1080; baseline 0 -8"><span class='ocrx_word' id='word_1_117' title='bbox 53 1040 161 1073; x_wconf 88' lang='lat' dir='ltr'><strong>orabo</strong></span> <span class='ocrx_word' id='word_1_118' title='bbox 194 1049 227 1073; x_wconf 88' lang='lat' dir='ltr'>et</span> <span class='ocrx_word' id='word_1_119' title='bbox 258 1043 402 1072; x_wconf 84' lang='lat' dir='ltr'>mente.“</span> <span class='ocrx_word' id='word_1_120' title='bbox 459 1039 547 1072; x_wconf 89' lang='lat' dir='ltr'>Cum</span> <span class='ocrx_word' id='word_1_121' title='bbox 581 1040 670 1073; x_wconf 88' lang='lat' dir='ltr'>enim</span> <span class='ocrx_word' id='word_1_122' title='bbox 694 1041 798 1073; x_wconf 81' lang='lat' dir='ltr'>corde</span> <span class='ocrx_word' id='word_1_123' title='bbox 830 1053 991 1080; x_wconf 78' lang='lat' dir='ltr'>oravero,</span> <span class='ocrx_word' id='word_1_124' title='bbox 1016 1042 1058 1074; x_wconf 85' lang='lat' dir='ltr'>ad</span> <span class='ocrx_word' id='word_1_125' title='bbox 1083 1042 1187 1074; x_wconf 79' lang='lat' dir='ltr'>altare</span> 
     </span>
     <span class='ocr_line' id='line_1_17' title="bbox 52 1100 1185 1146; baseline 0.001 -13"><span class='ocrx_word' id='word_1_126' title='bbox 52 1100 192 1134; x_wconf 84' lang='lat' dir='ltr'>interius</span> <span class='ocrx_word' id='word_1_127' title='bbox 215 1100 399 1143; x_wconf 76' lang='lat' dir='ltr'>ingredior,</span> <span class='ocrx_word' id='word_1_128' title='bbox 445 1101 489 1133; x_wconf 89' lang='lat' dir='ltr'>Et</span> <span class='ocrx_word' id='word_1_129' title='bbox 512 1102 578 1134; x_wconf 89' lang='lat' dir='ltr'>hoc</span> <span class='ocrx_word' id='word_1_130' title='bbox 602 1111 686 1145; x_wconf 87' lang='lat' dir='ltr'><strong>puto</strong></span> <span class='ocrx_word' id='word_1_131' title='bbox 714 1100 841 1144; x_wconf 74' lang='lat' dir='ltr'>esse‚¹²)</span> <span class='ocrx_word' id='word_1_132' title='bbox 867 1104 962 1146; x_wconf 89' lang='lat' dir='ltr'>quod</span> <span class='ocrx_word' id='word_1_133' title='bbox 986 1103 1085 1135; x_wconf 85' lang='lat' dir='ltr'>etiam</span> <span class='ocrx_word' id='word_1_134' title='bbox 1111 1102 1185 1134; x_wconf 93' lang='lat' dir='ltr'>Do-</span> 
     </span>
     <span class='ocr_line' id='line_1_18' title="bbox 53 1161 1188 1205; baseline 0.001 -11"><span class='ocrx_word' id='word_1_135' title='bbox 53 1162 167 1195; x_wconf 85' lang='lat' dir='ltr'>minus</span> <span class='ocrx_word' id='word_1_136' title='bbox 202 1162 237 1194; x_wconf 87' lang='lat' dir='ltr'>in</span> <span class='ocrx_word' id='word_1_137' title='bbox 272 1161 462 1204; x_wconf 83' lang='lat' dir='ltr'>Evangeliis</span> <span class='ocrx_word' id='word_1_138' title='bbox 486 1161 582 1195; x_wconf 87' lang='lat' dir='ltr'>dicit:</span> <span class='ocrx_word' id='word_1_139' title='bbox 613 1162 719 1205; x_wconf 82' lang='lat' dir='ltr'><strong>‚,tu⁵)</strong></span> <span class='ocrx_word' id='word_1_140' title='bbox 751 1171 864 1195; x_wconf 83' lang='lat' dir='ltr'>autem</span> <span class='ocrx_word' id='word_1_141' title='bbox 888 1175 966 1195; x_wconf 85' lang='lat' dir='ltr'>cum</span> <span class='ocrx_word' id='word_1_142' title='bbox 992 1176 1078 1203; x_wconf 80' lang='lat' dir='ltr'>oras,</span> <span class='ocrx_word' id='word_1_143' title='bbox 1101 1162 1188 1196; x_wconf 76' lang='lat' dir='ltr'>intra</span> 
     </span>
     <span class='ocr_line' id='line_1_19' title="bbox 55 1221 1188 1268; baseline 0.002 -14"><span class='ocrx_word' id='word_1_144' title='bbox 55 1222 91 1254; x_wconf 89' lang='lat' dir='ltr'>in</span> <span class='ocrx_word' id='word_1_145' title='bbox 119 1221 314 1256; x_wconf 86' lang='lat' dir='ltr'><strong>cubiculum</strong></span> <span class='ocrx_word' id='word_1_146' title='bbox 338 1231 453 1262; x_wconf 84' lang='lat' dir='ltr'>tuum,</span> <span class='ocrx_word' id='word_1_147' title='bbox 485 1232 518 1255; x_wconf 82' lang='lat' dir='ltr'>et</span> <span class='ocrx_word' id='word_1_148' title='bbox 549 1223 670 1256; x_wconf 85' lang='lat' dir='ltr'>claude</span> <span class='ocrx_word' id='word_1_149' title='bbox 696 1222 819 1255; x_wconf 84' lang='lat' dir='ltr'>ostium</span> <span class='ocrx_word' id='word_1_150' title='bbox 844 1231 955 1263; x_wconf 79' lang='lat' dir='ltr'>tuum,</span> <span class='ocrx_word' id='word_1_151' title='bbox 988 1232 1020 1256; x_wconf 87' lang='lat' dir='ltr'>et</span> <span class='ocrx_word' id='word_1_152' title='bbox 1045 1236 1104 1256; x_wconf 83' lang='lat' dir='ltr'>ora</span> <span class='ocrx_word' id='word_1_153' title='bbox 1128 1236 1188 1268; x_wconf 84' lang='lat' dir='ltr'>pa-</span> 
     </span>
     <span class='ocr_line' id='line_1_20' title="bbox 55 1283 1190 1327; baseline 0.002 -12"><span class='ocrx_word' id='word_1_154' title='bbox 55 1291 141 1315; x_wconf 85' lang='lat' dir='ltr'>trem</span> <span class='ocrx_word' id='word_1_155' title='bbox 165 1292 262 1316; x_wconf 83' lang='lat' dir='ltr'>tuum</span> <span class='ocrx_word' id='word_1_156' title='bbox 287 1283 322 1316; x_wconf 87' lang='lat' dir='ltr'>in</span> <span class='ocrx_word' id='word_1_157' title='bbox 348 1284 582 1317; x_wconf 79' lang='lat' dir='ltr'>abscondito.“</span> <span class='ocrx_word' id='word_1_158' title='bbox 647 1284 717 1327; x_wconf 86' lang='lat' dir='ltr'>Qui</span> <span class='ocrx_word' id='word_1_159' title='bbox 750 1298 828 1326; x_wconf 85' lang='lat' dir='ltr'>ergo</span> <span class='ocrx_word' id='word_1_160' title='bbox 858 1285 903 1316; x_wconf 86' lang='lat' dir='ltr'>ita</span> <span class='ocrx_word' id='word_1_161' title='bbox 929 1294 1019 1324; x_wconf 85' lang='lat' dir='ltr'>orat,</span> <span class='ocrx_word' id='word_1_162' title='bbox 1049 1294 1088 1317; x_wconf 88' lang='lat' dir='ltr'>ut</span> <span class='ocrx_word' id='word_1_163' title='bbox 1112 1285 1190 1325; x_wconf 83' lang='lat' dir='ltr'>dixi,</span> 
     </span>
     <span class='ocr_line' id='line_1_21' title="bbox 53 1342 1188 1388; baseline 0.001 -12"><span class='ocrx_word' id='word_1_164' title='bbox 53 1343 242 1385; x_wconf 82' lang='lat' dir='ltr'>ingreditur</span> <span class='ocrx_word' id='word_1_165' title='bbox 265 1345 307 1376; x_wconf 82' lang='lat' dir='ltr'>ad</span> <span class='ocrx_word' id='word_1_166' title='bbox 331 1342 436 1376; x_wconf 78' lang='lat' dir='ltr'>altare</span> <span class='ocrx_word' id='word_1_167' title='bbox 458 1344 595 1384; x_wconf 85' lang='lat' dir='ltr'>incensi,</span> <span class='ocrx_word' id='word_1_168' title='bbox 620 1345 714 1388; x_wconf 88' lang='lat' dir='ltr'>quod</span> <span class='ocrx_word' id='word_1_169' title='bbox 747 1354 794 1377; x_wconf 89' lang='lat' dir='ltr'>est</span> <span class='ocrx_word' id='word_1_170' title='bbox 819 1344 966 1377; x_wconf 81' lang='lat' dir='ltr'>interius.</span> <span class='ocrx_word' id='word_1_171' title='bbox 1016 1343 1104 1377; x_wconf 89' lang='lat' dir='ltr'>Cum</span> <span class='ocrx_word' id='word_1_172' title='bbox 1128 1357 1188 1377; x_wconf 83' lang='lat' dir='ltr'>au-</span> 
     </span>
     <span class='ocr_line' id='line_1_22' title="bbox 52 1404 1189 1450; baseline 0.003 -14"><span class='ocrx_word' id='word_1_173' title='bbox 52 1412 121 1436; x_wconf 84' lang='lat' dir='ltr'>tem</span> <span class='ocrx_word' id='word_1_174' title='bbox 145 1404 219 1448; x_wconf 89' lang='lat' dir='ltr'>quis</span> <span class='ocrx_word' id='word_1_175' title='bbox 248 1405 337 1438; x_wconf 84' lang='lat' dir='ltr'>clara</span> <span class='ocrx_word' id='word_1_176' title='bbox 360 1417 466 1445; x_wconf 82' lang='lat' dir='ltr'>voce,</span> <span class='ocrx_word' id='word_1_177' title='bbox 491 1414 523 1438; x_wconf 83' lang='lat' dir='ltr'>et</span> <span class='ocrx_word' id='word_1_178' title='bbox 546 1405 654 1439; x_wconf 85' lang='lat' dir='ltr'>verbis</span> <span class='ocrx_word' id='word_1_179' title='bbox 685 1419 761 1439; x_wconf 92' lang='lat' dir='ltr'>cum</span> <span class='ocrx_word' id='word_1_180' title='bbox 786 1419 872 1439; x_wconf 90' lang='lat' dir='ltr'>sono</span> <span class='ocrx_word' id='word_1_181' title='bbox 896 1405 1054 1450; x_wconf 80' lang='lat' dir='ltr'>prolatis,</span> <span class='ocrx_word' id='word_1_182' title='bbox 1095 1406 1189 1450; x_wconf 83' lang='lat' dir='ltr'>quasi</span> 
     </span>
    </p>
   </div>
   <div class='ocr_carea' id='block_1_3' title="bbox 54 1464 1187 1507">
    <p class='ocr_par' dir='ltr' id='par_1_3' title="bbox 54 1464 1187 1507">
     <span class='ocr_line' id='line_1_23' title="bbox 54 1464 1187 1507; baseline 0.003 -10"><span class='ocrx_word' id='word_1_183' title='bbox 54 1474 92 1498; x_wconf 86' lang='lat' dir='ltr'>ut</span> <span class='ocrx_word' id='word_1_184' title='bbox 114 1464 269 1498; x_wconf 77' lang='lat' dir='ltr'>aedificet</span> <span class='ocrx_word' id='word_1_185' title='bbox 300 1465 488 1506; x_wconf 81' lang='lat' dir='ltr'>audientes,</span> <span class='ocrx_word' id='word_1_186' title='bbox 528 1466 718 1499; x_wconf 82' lang='lat' dir='ltr'>orationem</span> <span class='ocrx_word' id='word_1_187' title='bbox 751 1466 864 1500; x_wconf 84' lang='lat' dir='ltr'>fundit</span> <span class='ocrx_word' id='word_1_188' title='bbox 894 1468 936 1500; x_wconf 85' lang='lat' dir='ltr'>ad</span> <span class='ocrx_word' id='word_1_189' title='bbox 962 1468 1093 1507; x_wconf 89' lang='lat' dir='ltr'>Deum,</span> <span class='ocrx_word' id='word_1_190' title='bbox 1131 1467 1187 1500; x_wconf 86' lang='lat' dir='ltr'>hic</span> 
     </span>
    </p>
   </div>
   <div class='ocr_carea' id='block_1_4' title="bbox 0 1525 1186 1573">
    <p class='ocr_par' dir='ltr' id='par_1_4' title="bbox 0 1525 1186 1573">
     <span class='ocr_line' id='line_1_24' title="bbox 0 1525 1186 1573; baseline 0.003 -14"><span class='ocrx_word' id='word_1_191' title='bbox 0 1543 4 1549; x_wconf 96' lang='lat'><em>·</em></span> <span class='ocrx_word' id='word_1_192' title='bbox 54 1525 172 1571; x_wconf 84' lang='lat' dir='ltr'>spiritu</span> <span class='ocrx_word' id='word_1_193' title='bbox 198 1535 282 1568; x_wconf 82' lang='lat' dir='ltr'>orat,</span> <span class='ocrx_word' id='word_1_194' title='bbox 309 1535 342 1559; x_wconf 86' lang='lat' dir='ltr'>et</span> <span class='ocrx_word' id='word_1_195' title='bbox 367 1527 493 1560; x_wconf 77' lang='lat' dir='ltr'>offerre</span> <span class='ocrx_word' id='word_1_196' title='bbox 515 1527 648 1561; x_wconf 86' lang='lat' dir='ltr'>videtur</span> <span class='ocrx_word' id='word_1_197' title='bbox 662 1528 806 1561; x_wconf 79' lang='lat' dir='ltr'>hostiam</span> <span class='ocrx_word' id='word_1_198' title='bbox 830 1529 865 1561; x_wconf 85' lang='lat' dir='ltr'>in</span> <span class='ocrx_word' id='word_1_199' title='bbox 883 1528 989 1569; x_wconf 78' lang='lat' dir='ltr'>altari,</span> <span class='ocrx_word' id='word_1_200' title='bbox 1014 1529 1109 1573; x_wconf 88' lang='lat' dir='ltr'>quod</span> <span class='ocrx_word' id='word_1_201' title='bbox 1131 1530 1186 1562; x_wconf 80' lang='lat' dir='ltr'>so-</span> 
     </span>
    </p>
   </div>
   <div class='ocr_carea' id='block_1_5' title="bbox 0 0 48 2460">
    <p class='ocr_par' dir='ltr' id='par_1_5' title="bbox 0 0 48 2460">
     <span class='ocr_line' id='line_1_25' title="bbox 0 0 48 2460; baseline 0 0"><span class='ocrx_word' id='word_1_202' title='bbox 0 0 48 2460; x_wconf 95' lang='lat' dir='ltr'> </span> 
     </span>
    </p>
   </div>
   <div class='ocr_carea' id='block_1_6' title="bbox 55 1588 1191 1879">
    <p class='ocr_par' dir='ltr' id='par_1_6' title="bbox 55 1588 1191 1879">
     <span class='ocr_line' id='line_1_26' title="bbox 56 1588 1189 1635; baseline 0.003 -15"><span class='ocrx_word' id='word_1_203' title='bbox 56 1588 100 1620; x_wconf 85' lang='lat' dir='ltr'>ris</span> <span class='ocrx_word' id='word_1_204' title='bbox 124 1597 170 1621; x_wconf 87' lang='lat' dir='ltr'>est</span> <span class='ocrx_word' id='word_1_205' title='bbox 195 1588 237 1620; x_wconf 87' lang='lat' dir='ltr'>ad</span> <span class='ocrx_word' id='word_1_206' title='bbox 268 1588 562 1621; x_wconf 80' lang='lat' dir='ltr'><strong>holocaustomata</strong></span> <span class='ocrx_word' id='word_1_207' title='bbox 596 1589 718 1633; x_wconf 89' lang='lat' dir='ltr'>populi</span> <span class='ocrx_word' id='word_1_208' title='bbox 752 1590 981 1623; x_wconf 76' lang='lat' dir='ltr'>constitutum.</span> <span class='ocrx_word' id='word_1_209' title='bbox 1041 1590 1189 1635; x_wconf 83' lang='lat' dir='ltr'><strong>Oportet</strong></span> 
     </span>
     <span class='ocr_line' id='line_1_27' title="bbox 57 1649 1188 1696; baseline 0.002 -14"><span class='ocrx_word' id='word_1_210' title='bbox 57 1660 136 1690; x_wconf 86' lang='lat' dir='ltr'>ergo</span> <span class='ocrx_word' id='word_1_211' title='bbox 168 1649 358 1682; x_wconf 79' lang='lat' dir='ltr'>sacerdotes</span> <span class='ocrx_word' id='word_1_212' title='bbox 386 1662 423 1682; x_wconf 83' lang='lat' dir='ltr'>ea</span> <span class='ocrx_word' id='word_1_213' title='bbox 457 1662 578 1682; x_wconf 81' lang='lat' dir='ltr'>curare</span> <span class='ocrx_word' id='word_1_214' title='bbox 612 1650 796 1695; x_wconf 83' lang='lat' dir='ltr'>praecipue</span> <span class='ocrx_word' id='word_1_215' title='bbox 828 1661 859 1683; x_wconf 78' lang='lat' dir='ltr'>et</span> <span class='ocrx_word' id='word_1_216' title='bbox 883 1651 1068 1691; x_wconf 85' lang='lat' dir='ltr'>custodire,</span> <span class='ocrx_word' id='word_1_217' title='bbox 1101 1665 1188 1696; x_wconf 80' lang='lat' dir='ltr'>quae</span> 
     </span>
     <span class='ocr_line' id='line_1_28' title="bbox 55 1709 1189 1757; baseline 0.004 -16"><span class='ocrx_word' id='word_1_218' title='bbox 55 1709 144 1742; x_wconf 83' lang='lat' dir='ltr'>intra</span> <span class='ocrx_word' id='word_1_219' title='bbox 166 1710 319 1742; x_wconf 82' lang='lat' dir='ltr'>velamen</span> <span class='ocrx_word' id='word_1_220' title='bbox 342 1710 481 1743; x_wconf 81' lang='lat' dir='ltr'>imerius</span> <span class='ocrx_word' id='word_1_221' title='bbox 507 1720 742 1753; x_wconf 78' lang='lat' dir='ltr'>conteguntur,</span> <span class='ocrx_word' id='word_1_222' title='bbox 766 1726 810 1746; x_wconf 82' lang='lat' dir='ltr'>ne</span> <span class='ocrx_word' id='word_1_223' title='bbox 829 1712 911 1757; x_wconf 85' lang='lat' dir='ltr'>quid</span> <span class='ocrx_word' id='word_1_224' title='bbox 935 1712 983 1745; x_wconf 86' lang='lat' dir='ltr'>ibi</span> <span class='ocrx_word' id='word_1_225' title='bbox 1007 1712 1189 1757; x_wconf 85' lang='lat' dir='ltr'><strong>pollutum,</strong></span> 
     </span>
     <span class='ocr_line' id='line_1_29' title="bbox 56 1769 1189 1814; baseline 0.004 -12"><span class='ocrx_word' id='word_1_226' title='bbox 56 1783 101 1803; x_wconf 86' lang='lat' dir='ltr'>ne</span> <span class='ocrx_word' id='word_1_227' title='bbox 125 1769 208 1814; x_wconf 85' lang='lat' dir='ltr'>quid</span> <span class='ocrx_word' id='word_1_228' title='bbox 230 1770 420 1804; x_wconf 85' lang='lat' dir='ltr'>inveniatur</span> <span class='ocrx_word' id='word_1_229' title='bbox 444 1771 680 1805; x_wconf 86' lang='lat' dir='ltr'>immundum:</span> <span class='ocrx_word' id='word_1_230' title='bbox 717 1774 784 1806; x_wconf 88' lang='lat' dir='ltr'>hoc</span> <span class='ocrx_word' id='word_1_231' title='bbox 809 1783 873 1814; x_wconf 89' lang='lat' dir='ltr'>est,</span> <span class='ocrx_word' id='word_1_232' title='bbox 900 1773 1094 1807; x_wconf 84' lang='lat' dir='ltr'>interiorem</span> <span class='ocrx_word' id='word_1_233' title='bbox 1123 1774 1189 1807; x_wconf 87' lang='lat' dir='ltr'>ho-</span> 
     </span>
     <span class='ocr_line' id='line_1_30' title="bbox 62 1831 1191 1879; baseline 0.004 -16"><span class='ocrx_word' id='word_1_234' title='bbox 62 1831 200 1871; x_wconf 87' lang='lat' dir='ltr'>minem,</span> <span class='ocrx_word' id='word_1_235' title='bbox 226 1839 258 1863; x_wconf 87' lang='lat' dir='ltr'>et</span> <span class='ocrx_word' id='word_1_236' title='bbox 282 1832 394 1865; x_wconf 78' lang='lat' dir='ltr'>cordis</span> <span class='ocrx_word' id='word_1_237' title='bbox 418 1842 545 1865; x_wconf 87' lang='lat' dir='ltr'>secreta</span> <span class='ocrx_word' id='word_1_238' title='bbox 569 1846 705 1874; x_wconf 81' lang='lat' dir='ltr'>curare,</span> <span class='ocrx_word' id='word_1_239' title='bbox 734 1843 772 1866; x_wconf 91' lang='lat' dir='ltr'>ut</span> <span class='ocrx_word' id='word_1_240' title='bbox 802 1835 851 1868; x_wconf 90' lang='lat' dir='ltr'>ihi</span> <span class='ocrx_word' id='word_1_241' title='bbox 873 1835 1089 1868; x_wconf 81' lang='lat' dir='ltr'>immaculata</span> <span class='ocrx_word' id='word_1_242' title='bbox 1113 1848 1191 1879; x_wconf 84' lang='lat' dir='ltr'>per-</span> 
     </span>
    </p>
   </div>
   <div class='ocr_carea' id='block_1_7' title="bbox 60 1891 1191 1938">
    <p class='ocr_par' dir='ltr' id='par_1_7' title="bbox 60 1891 1191 1938">
     <span class='ocr_line' id='line_1_31' title="bbox 60 1891 1191 1938; baseline 0.001 -12"><span class='ocrx_word' id='word_1_243' title='bbox 60 1901 229 1926; x_wconf 82' lang='lat' dir='ltr'>maneant.</span> <span class='ocrx_word' id='word_1_244' title='bbox 289 1891 474 1927; x_wconf 85' lang='lat' dir='ltr'>Cherubim</span> <span class='ocrx_word' id='word_1_245' title='bbox 507 1903 540 1927; x_wconf 85' lang='lat' dir='ltr'>et</span> <span class='ocrx_word' id='word_1_246' title='bbox 572 1894 866 1938; x_wconf 85' lang='lat' dir='ltr'>propitiatorium,</span> <span class='ocrx_word' id='word_1_247' title='bbox 902 1894 1039 1929; x_wconf 84' lang='lat' dir='ltr'>scientia</span> <span class='ocrx_word' id='word_1_248' title='bbox 1069 1894 1191 1929; x_wconf 82' lang='lat' dir='ltr'>intelli-</span> 
     </span>
    </p>
   </div>
   <div class='ocr_carea' id='block_1_8' title="bbox 156 2004 710 2196">
    <p class='ocr_par' dir='ltr' id='par_1_8' title="bbox 156 2004 710 2196">
     <span class='ocr_line' id='line_1_32' title="bbox 157 2004 473 2086; baseline 0.003 -12"><span class='ocrx_word' id='word_1_249' title='bbox 157 2041 192 2086; x_wconf 87' lang='lat'>¹)</span> <span class='ocrx_word' id='word_1_250' title='bbox 215 2042 249 2075; x_wconf 93' lang='lat' dir='ltr'>II</span> <span class='ocrx_word' id='word_1_251' title='bbox 267 2004 355 2076; x_wconf 50' lang='lat' dir='ltr'>&#39;Con</span> <span class='ocrx_word' id='word_1_252' title='bbox 378 2042 419 2081; x_wconf 88' lang='lat' dir='ltr'>V,</span> <span class='ocrx_word' id='word_1_253' title='bbox 442 2043 473 2076; x_wconf 92' lang='grc'>4.</span> 
     </span>
     <span class='ocr_line' id='line_1_33' title="bbox 157 2096 710 2142; baseline 0.009 -14"><span class='ocrx_word' id='word_1_254' title='bbox 157 2096 195 2140; x_wconf 84' lang='lat'>²)</span> <span class='ocrx_word' id='word_1_255' title='bbox 218 2097 309 2130; x_wconf 86' lang='lat' dir='ltr'>Edd.</span> <span class='ocrx_word' id='word_1_256' title='bbox 331 2097 494 2130; x_wconf 81' lang='lat' dir='ltr'>Merlini:</span> <span class='ocrx_word' id='word_1_257' title='bbox 518 2099 710 2142; x_wconf 77' lang='lat' dir='ltr'>significari.</span> 
     </span>
     <span class='ocr_line' id='line_1_34' title="bbox 156 2151 532 2196; baseline 0.008 -11"><span class='ocrx_word' id='word_1_258' title='bbox 156 2152 196 2196; x_wconf 78' lang='grc'>3)</span> <span class='ocrx_word' id='word_1_259' title='bbox 216 2152 231 2185; x_wconf 88' lang='grc' dir='ltr'>Ι</span> <span class='ocrx_word' id='word_1_260' title='bbox 257 2152 337 2185; x_wconf 87' lang='lat' dir='ltr'>Cor.</span> <span class='ocrx_word' id='word_1_261' title='bbox 360 2151 454 2193; x_wconf 90' lang='lat' dir='ltr'>XIV,</span> <span class='ocrx_word' id='word_1_262' title='bbox 479 2155 532 2188; x_wconf 82' lang='lat'>15.</span> 
     </span>
    </p>
   </div>
   <div class='ocr_carea' id='block_1_9' title="bbox 157 2207 915 2307">
    <p class='ocr_par' dir='ltr' id='par_1_9' title="bbox 157 2207 915 2307">
     <span class='ocr_line' id='line_1_35' title="bbox 157 2207 915 2255; baseline 0.008 -17"><span class='ocrx_word' id='word_1_263' title='bbox 157 2207 193 2251; x_wconf 79' lang='lat'>⁴²)</span> <span class='ocrx_word' id='word_1_264' title='bbox 217 2208 306 2242; x_wconf 88' lang='lat' dir='ltr'>Edd.</span> <span class='ocrx_word' id='word_1_265' title='bbox 331 2208 490 2242; x_wconf 82' lang='lat' dir='ltr'>Merlini:</span> <span class='ocrx_word' id='word_1_266' title='bbox 514 2223 583 2244; x_wconf 83' lang='lat' dir='ltr'>esse</span> <span class='ocrx_word' id='word_1_267' title='bbox 608 2210 709 2245; x_wconf 79' lang='lat' dir='ltr'>etiam</span> <span class='ocrx_word' id='word_1_268' title='bbox 733 2211 829 2255; x_wconf 86' lang='lat' dir='ltr'>quod</span> <span class='ocrx_word' id='word_1_269' title='bbox 852 2220 915 2244; x_wconf 82' lang='lat' dir='ltr'>etc.</span> 
     </span>
     <span class='ocr_line' id='line_1_36' title="bbox 158 2262 484 2307; baseline 0.012 -12"><span class='ocrx_word' id='word_1_270' title='bbox 158 2262 196 2307; x_wconf 85' lang='lat'>⁵)</span> <span class='ocrx_word' id='word_1_271' title='bbox 218 2263 344 2299; x_wconf 81' lang='lat' dir='ltr'><strong>Matth.</strong></span> <span class='ocrx_word' id='word_1_272' title='bbox 367 2264 428 2305; x_wconf 78' lang='lat' dir='ltr'>VJ,</span> <span class='ocrx_word' id='word_1_273' title='bbox 453 2265 484 2299; x_wconf 87' lang='lat'>6.</span> 
     </span>
    </p>
   </div>
   <div class='ocr_carea' id='block_1_10' title="bbox 883 2327 936 2360">
    <p class='ocr_par' dir='ltr' id='par_1_10' title="bbox 883 2327 936 2360">
     <span class='ocr_line' id='line_1_37' title="bbox 883 2327 936 2360; baseline 0 -15"><span class='ocrx_word' id='word_1_274' title='bbox 883 2327 936 2360; x_wconf 51' lang='lat'>7,</span> 
     </span>
    </p>
   </div>
  </div>
 </body>
</html>
