1427 2460
232 105 302 142 286
719 104 898 142 Omczms

234 197 390 245 quotidie
421 194 543 230 castior
573 194 722 230 efficitur
752 211 812 231 -ε
843 196 889 231 ita
923 206 956 231 et
991 198 1050 244 qui
1079 199 1182 233 semel
1216 199 1304 234 intra
1333 214 1369 235 se

231 261 310 295 licet
334 272 477 305 parvum
501 257 651 292 malitiae
674 258 866 303 reposuerit
888 260 1114 302 fermentum,
1143 262 1296 307 quotidIe
1318 276 1370 296 se-

231 333 302 356 met
331 322 406 367 ipso
435 318 586 365 nequior
616 319 764 353 efficitur
793 334 831 354 ac
863 320 1023 359 deterior.
1082 322 1127 356 Et
1155 322 1235 357 ideo
1266 323 1294 358 si
1323 324 1371 359 vis
1420 358 1421 363 ,

231 397 329 428 agere
354 394 555 430 azymorum
579 380 788 416 festivitatem
819 395 897 415 cum
922 383 1018 425 Deo,
1045 397 1090 418 ne
1118 398 1262 430 parvum
1293 386 1369 431 qui-

231 449 310 481 dem
334 444 485 478 malitiae
509 444 718 477 fermentum
741 442 830 477 intra
854 452 888 477 te
911 446 1058 479 residere
1080 446 1227 492 patiaris.

319 509 353 543 8.
397 507 483 540 Post
512 507 603 540 hanc
632 505 785 550 sequitur
814 515 904 540 sexta
928 506 1103 549 festivitas,
1134 521 1221 553 quae
1248 507 1371 542 (licitur

229 583 420 610 novorum,
450 568 488 602 id
514 578 578 609 est,
611 581 691 601 cum
713 567 883 612 primitiae
907 569 949 602 de
971 569 1069 603 novis
1093 571 1258 604 fructibus
1283 571 1371 604 offe-

229 641 362 666 runtur.
422 630 495 664 Ubi
527 629 619 663 enirn
649 629 832 664 seminatus
863 630 965 663 suerit
997 642 1093 673 ager,
1129 640 1160 665 et
1191 632 1370 675 diligenter

229 694 390 732 excultus,
413 701 514 737 atque
539 689 582 726 ad
605 690 834 725 maturitatem
857 692 1048 737 pervenerit
1066 704 1166 735 seges,
1189 702 1270 726 tunc
1283 693 1369 738 in¹)

229 757 404 788 fructuum
437 755 650 798 perfectione
680 753 837 787 festivitas
860 752 1005 788 Domini
1035 754 1170 797 geritur.
1218 754 1254 788 si
1288 767 1368 797 ergo

229 827 261 851 et
283 826 321 850 tu
345 816 393 849 vis
417 829 589 850 novorum
615 815 704 849 diem
729 817 853 850 festum
877 827 975 858 agere
999 829 1078 849 cum
1102 815 1271 857 Domine,
1293 815 1370 850 vide

228 879 411 925 quomodo
435 876 591 917 semines,
614 886 673 911 aut
694 876 757 910 ubi
778 876 933 918 semines,
955 887 993 911 ut
1015 877 1122 923 possis
1144 879 1226 912 tales
1241 886 1369 912 metere

226 941 369 981 fructus,
393 952 431 973 ex
455 937 580 984 quibus
602 938 720 973 laetari
743 938 843 973 facias
867 939 1001 980 Deum,
1025 950 1057 974 et
1079 952 1178 982 agere
1201 939 1292 974 diem
1316 940 1367 973 fe-

226 1011 328 1036 stum.
375 1000 484 1045 Quod
509 1001 606 1034 aliter
627 1001 772 1046 implere
794 1014 867 1034 non
890 1001 1028 1046 poteris,
1051 1002 1116 1035 nisi
1135 1001 1252 1038 audias
1268 1003 1367 1047 Apo-

226 1065 354 1098 stolum
385 1063 574 1096 dicentem:
604 1062 739 1107 „qui²)
769 1064 912 1096 seminat
941 1062 977 1096 in
1006 1063 1144 1109 spiritu,
1174 1065 1218 1098 de
1248 1064 1369 1109 spiritu

226 1135 330 1159 metet
351 1124 453 1158 vitam
478 1127 662 1158 aternam.“
709 1123 746 1157 Si
768 1123 815 1157 sic
837 1124 999 1165 semines,
1023 1133 1056 1158 et
1075 1125 1122 1158 sic
1143 1134 1267 1167 metas,
1290 1137 1368 1159 vere

227 1188 321 1222 diem
351 1188 476 1221 festum
509 1198 584 1228 ages
611 1198 794 1219 novorum.
842 1184 1030 1231 Propterea
1055 1186 1204 1233 denique
1227 1197 1258 1220 et
1281 1200 1365 1232 pro-

225 1249 331 1296 pheta
366 1250 547 1289 admonet,
584 1246 716 1282 dicens:
751 1248 983 1292 „innovate-³)
1017 1249 1113 1283 vobis
1147 1250 1301 1290 novalia,
1334 1259 1367 1283 et

224 1311 334 1346 nolite
364 1310 533 1345 seminare
563 1323 667 1355 super
695 1308 843 1356 spinas.“
889 1309 960 1353 Qui
995 1322 1075 1353 ergo
1100 1324 1163 1345 cor
1184 1325 1303 1352 suum,
1333 1319 1367 1344 et

225 1374 425 1408 interiorem
449 1371 627 1406 hominem
650 1380 793 1405 renovat
816 1372 859 1405 de
883 1371 938 1404 die
962 1372 998 1405 in
1023 1371 1124 1412 diem,
1146 1372 1208 1407 iste
1231 1371 1296 1407 sibi
1309 1372 1363 1406 in-

225 1445 330 1469 novat
352 1434 507 1474 novalia,
538 1442 570 1466 et
600 1446 675 1466 non
705 1431 848 1466 seminat
878 1446 981 1479 super
1010 1434 1142 1478 spinas,
1171 1435 1232 1468 sed
1261 1447 1365 1480 super

224 1508 350 1532 terram
373 1497 522 1536 bonam,
560 1507 647 1540 quae
677 1495 800 1528 reddat
823 1495 852 1528 ei
875 1495 1026 1528 fructum
1050 1494 1276 1537 tricesimum,
1305 1503 1365 1529 aut

224 1558 483 1601 sexagesimum,
512 1565 570 1590 aut
593 1556 825 1590 centesimum.
869 1556 935 1590 Iste
959 1570 1038 1600 ergo
1064 1564 1129 1598 est,
1155 1556 1213 1602 qui
1237 1557 1273 1591 in
1295 1557 1366 1603 spi-

225 1623 294 1656 ritu
317 1619 476 1660 seminat,
509 1627 540 1651 et
565 1617 691 1661 colligit
713 1619 862 1652 fructum
886 1618 1033 1664 spiritus.
1080 1619 1225 1653 Fructus
1248 1626 1363 1654 'autem

223 1683 371 1728 spiritus,
395 1681 547 1727 primum
561 1678 597 1724 ¹²)
623 1679 778 1714 omnium
804 1689 852 1714 est
867 1680 1038 1723 gaudium.
1074 1680 1119 1714 Et
1133 1681 1254 1716 merito
1271 1681 1363 1716 diem

223 1746 347 1779 festum
370 1756 544 1777 novorum
565 1742 740 1775 fructuum
766 1741 842 1785 agit,
866 1742 926 1789 qui
948 1743 1110 1786 gaudium
1126 1743 1239 1777 metit:
1262 1756 1363 1788 prae—-

224 1807 323 1852 cipue
347 1805 374 1840 si
395 1804 497 1839 simul
519 1812 625 1838 metat
649 1813 681 1837 et
702 1817 820 1850 pacem
834 1830 842 1845 ,
866 1814 900 1839 et
921 1804 1139 1850 patientiam,
1169 1812 1202 1838 et
1223 1805 1361 1839 bonita-

222 1878 310 1910 tem,
341 1876 374 1901 et
395 1866 712 1907 mansuetudinem,
743 1867 896 1913 aliosque
927 1867 1053 1901 horum
1083 1866 1208 1901 similes
1230 1868 1359 1901 fructus

222 1930 251 1965 si
276 1929 422 1972 colligat,
447 1928 640 1972 dignissime
662 1942 834 1963 novorum
858 1917 1264 1964 fructuum'festivitatem
1283 1927 1361 1963 Do-

223 1991 321 2025 mino
345 2001 428 2035 aget.

319 2177 353 2221 ¹)
376 2176 481 2210 Deest
505 2175 599 2216 „in“
622 2175 660 2209 in
683 2176 762 2212 edd.
785 2173 934 2209 Mei-lini.

314 2232 351 2276 ²)
379 2231 488 2267 Galat.
512 2232 571 2271 VI,
594 2231 626 2265 8.
829 2231 867 2276 ³)
889 2231 1017 2265 Jerem.
1042 2231 1100 2270 IV,
1123 2230 1155 2265 3.

314 2287 352 2331 ⁴)
376 2288 463 2322 Edd.
490 2287 652 2321 Merliniz*
666 2289 864 2333 ,.primus.“
887 2287 958 2321 Csr.
985 2286 1098 2321 Galat.'
1121 2286 1163 2327 V,
1184 2285 1354 2322 22.—23.
