1427 2460
174 102 242 139 364
658 100 835 135 Omessms

175 203 213 226 ut
237 202 269 226 ct
292 193 327 226 in
351 191 409 224 illa
435 191 484 224 via
509 190 696 235 superiore,
722 200 753 224 et
776 190 966 230 excelsiore,
991 189 1091 227 etiam
1115 204 1179 226 nos
1203 192 1314 225 vobis-

176 269 253 288 cum
280 253 448 299 possimus
472 253 647 286 incedere:
673 254 863 286 deducente
887 267 949 286 nos
973 252 1048 297 ipso
1068 252 1225 286 Domino
1247 267 1313 286 no-

175 328 245 352 stro
276 317 359 348 Jesu
384 314 538 355 Christo,
564 314 622 359 qui
647 324 694 347 est
716 314 785 354 via,
817 323 849 347 et
873 314 1008 355 veritas,
1040 325 1071 347 et
1095 316 1176 355 vita,
1207 326 1313 359 usque

175 392 245 424 quo
271 377 507 422 perveniamus
533 376 576 408 ad
599 385 741 421 patrem,
767 390 844 409 cum
868 376 1044 410 tradiderit
1068 390 1208 419 regnum
1235 377 1313 409 Deo

176 450 209 473 et
232 439 336 478 Patri,
361 448 393 471 et
416 437 599 483 subjecerit
623 437 653 470 ei
679 451 819 471 omnem
842 437 1083 483 principatum,
1109 448 1141 471 et
1163 447 1312 483 potesta-

175 513 253 538 tem,
277 501 345 546 Ipsi
371 500 479 543 gloria
495 509 526 532 et
537 499 722 544 imperium
735 499 770 533 in
785 501 918 533 saecula
930 501 1156 534 saeculorum.
1180 498 1313 535 Amen!

417 769 454 808 H
485 770 519 808 Ο
552 769 597 808 Μ
627 768 644 807 1
674 768 704 807 L
730 768 748 807 1
777 767 812 807 A
864 768 1062 808 XXVIII,

176 871 276 915 Quae
295 869 335 903 sit
358 878 470 902 terrae
491 877 625 901 sanctae
649 866 843 911 descriptiO,
866 866 1163 910 terminorumque
1185 865 1257 912 ejus
1281 875 1314 899 et

413 923 546 963 finium,
571 937 657 968 quos
681 923 856 956 Dominus
881 922 1066 966 descripsit.

264 1040 296 1073 1.
320 1037 448 1071 Ultima
474 1037 508 1070 in
532 1037 621 1069 libro
654 1037 886 1068 Numerorum
919 1034 1058 1068 historia
1090 1036 1245 1077 refertur,
1277 1035 1312 1068 in

175 1115 242 1149 qua
269 1099 443 1134 Dominus
468 1097 562 1143 jubet
584 1096 677 1130 Mosi
699 1106 880 1141 praecepta
907 1096 988 1128 dare
1011 1096 1088 1130 filiis
1111 1096 1233 1136 Israel,
1264 1106 1311 1137 ut,

175 1179 253 1199 cum
277 1160 416 1204 ingressi
439 1159 566 1193 fuerint
588 1169 713 1192 terram
744 1168 896 1192 sanctam
926 1171 1048 1202 capere
1071 1157 1311 1190 haereditatem

174 1227 262 1272 ejus,
284 1224 409 1264 sciant,
440 1236 525 1267 quos
547 1221 581 1254 in
607 1235 644 1255 ea
669 1220 832 1254 terminos
855 1220 976 1253 finium
999 1233 1141 1253 suorum
1166 1221 1314 1253 debeant

175 1290 367 1323 observare.
413 1284 505 1327 ΕΗ)
536 1293 615 1328 post
646 1283 729 1316 haec
760 1281 859 1315 etiam
890 1281 965 1327 ipso
996 1281 1152 1314 Domino
1187 1281 1312 1315 descri-

171 1354 276 1385 bente
300 1348 441 1382 dicitur:
466 1347 508 1379 ad
526 1344 714 1391 Aphricum
736 1343 886 1389 quidem,
909 1344 978 1377 hoc
1003 1353 1061 1382 est,
1085 1344 1128 1376 ad
1152 1342 1313 1376 occiden-

171 1424 243 1448 tem
268 1412 359 1444 illius
381 1408 451 1442 loci
474 1408 637 1441 terminus
662 1409 876 1446 observetur,
900 1415 932 1438 et
954 1406 1042 1440 illius
1066 1406 1109 1439 ad
1134 1405 1311 1446 orientem,

174 1485 207 1509 et
229 1473 276 1507 sic
298 1485 363 1517 per
386 1479 535 1515 quatuor
559 1468 646 1501 coeli
670 1468 785 1512 plagas
815 1467 956 1500 nomina
988 1469 1154 1513 quaedam
1179 1467 1311 1500 Domi—

171 1550 237 1571 nus
266 1535 338 1579 ipse
373 1531 542 1573 designat,
572 1529 718 1575 quaein
741 1530 873 1563 Judaea
905 1530 966 1562 ista
998 1539 1131 1562 terrena
1163 1530 1311 1574 populus

172 1597 242 1631 Dei
265 1597 388 1629 debeat
412 1592 593 1626 custodire.
640 1591 733 1623 Dicit
758 1603 837 1632 ergo
855 1590 889 1623 in
907 1591 944 1623 iis
957 1590 1194 1635 simplicior-²)
1220 1590 1311 1635 quis—

174 1673 241 1706 que
275 1657 491 1696 auditorum,
522 1654 599 1698 quia
631 1662 775 1697 possunt
807 1653 889 1685 haee
926 1651 1108 1685 necessaria
1141 1652 1246 1686 videri
1278 1662 1310 1685 et

173 1722 269 1755 utilia
293 1719 392 1753 etiam
417 1718 607 1751 secundum
638 1716 789 1755 literam,
821 1728 885 1759 pro
911 1727 971 1754 e0,
1001 1723 1040 1746 ut
1070 1709 1173 1746 nem'o
1198 1723 1309 1747 trans-

172 1784 344 1828 grediatur
374 1779 539 1813 terminos
572 1791 633 1822 per
669 1786 892 1821 praeceptum
925 1775 1070 1809 Domini
1100 1775 1310 1816 constitutos,

174 1855 208 1878 et
235 1845 320 1876 fines
353 1841 488 1874 alterius
525 1840 633 1873 tribus
674 1840 738 1871 alia
768 1838 896 1872 violare
933 1852 1005 1871 non
1036 1838 1167 1870 audeat.
1213 1838 1308 1878 Et3)

173 1907 258 1952 quid
281 1904 460 1941 faciemus,
490 1915 567 1934 cum
598 1901 633 1934 in
657 1900 752 1934 terris
783 1899 850 1933 istis
880 1913 952 1932 non
982 1901 1094 1933 solum
1124 1900 1308 1933 invadendi

172 1967 311 2002 alterius
333 1967 418 1999 fines
440 1962 590 2002 Judaeis,
614 1964 674 1996 sed
696 1963 976 2007 qualitercunque
990 1961 1187 2006 possidendi
1200 1963 1308 1994 facul-

268 2133 303 2178 1>
327 2133 405 2166 Mss.
429 2132 496 2172 „Et
517 2131 681 2175 posthaec
697 2129 796 2163 eiiam
821 2130 893 2174 ipso
908 2129 1096 2163 Domino.“
1118 2129 1212 2162 Libri
1225 2129 1306 2163 editi

170 2182 220 2226 (v.
244 2193 272 2213 c.
295 2179 373 2211 edd.
396 2177 482 2220 M‚)z
504 2176 570 2218 „Et
594 2185 673 2221 post
693 2174 763 2220 jam
787 2176 862 2220 ipso
887 2176 1065 2209 Domino“
1089 2184 1149 2209 etc.
1173 2176 1214 2208 R.

265 2235 304 2277 2)
327 2234 416 2267 Edd.
439 2232 598 2266 Mei-lini:
620 2231 810 2276 simplicior
834 2231 962 2276 quique
986 2231 1182 2266 auditorum
1207 2239 1268 2264 etc.

264 2291 302 2336 ³)
326 2290 417 2324 Edd.
443 2288 599 2323 Merlini:
625 2287 761 2332 Ecquid
784 2288 948 2321 faciemus
972 2296 1033 2320 etc.
