1427 2460
365 86 402 110 m
424 77 603 110 Nummos
627 74 788 110 ΗΟΜῙΠΑ
808 75 853 109 Χ.
1135 75 1179 110 97

9 153 12 215 i
47 167 99 201 lus
122 166 159 200 in
183 167 396 213 Apocalypsi,
412 165 445 211 ¹)
469 165 547 211 quia
563 164 694 198 animae
710 177 841 205 eorum,
865 164 923 209 qui
938 164 1080 211 jugulati
1102 175 1180 199 sunt

9 223 13 274 i
46 237 188 274 propter
210 240 336 260 nomen
361 226 504 260 Domini
527 228 626 266 Jesu‚
657 227 816 260 adsistant
839 225 951 259 altari:
984 226 1041 271 qui
1066 235 1179 260 autem

47 289 172 322 adsistit
197 287 301 328 altari,
324 287 512 322 ostenditur
535 287 629 330 fungi
659 287 841 321 sacerdotis
872 287 1000 321 officio.
1057 289 1177 322 Sacer-

46 350 135 384 dotis
158 359 269 383 autem
293 349 445 383 officium
471 358 534 389 est,
565 363 631 394 pro
661 349 785 394 populi
807 348 999 394 supplicare
1021 350 1177 394 peccatis.

0 443 4 445 .
46 412 149 445 Unde
173 424 232 454 ego
260 423 388 450 vereor,
401 409 438 455 ²)
462 424 507 443 ne
531 412 629 451 forte,
653 423 690 444 ex
715 424 784 455 quo
807 420 970 457 martyres
992 424 1064 443 non
1080 411 1178 452 fiunt,

47 482 79 507 et
101 473 230 506 hostiae
252 481 448 506 sanctorum
472 484 543 505 non
569 473 761 505 offeruntur
784 484 848 516 pro
873 471 1019 516 peccatis
1041 473 1184 514 nostris,

2 550 4 570 ,¹
44 543 264 580 peccatorum
287 543 484 567 nostrorum
509 532 740 566 remissionem
771 546 843 566 non
875 546 1078 567 mereamur.
1131 533 1179 567 Et

2 615 4 630 2
44 597 123 630 ideo
149 608 285 635 vereor,
308 608 352 627 ne
375 596 653 639 permanentibus
685 593 720 626 in
745 593 844 626 nobis
869 595 1015 638 peccatis
1042 595 1177 636 nostris,

45 657 174 691 accidat
196 657 295 691 nobis
318 656 422 696 illud,
454 657 548 700 quod
581 656 622 689 de
653 664 757 689 semet
788 654 867 700 ipsis
899 656 1016 689 dicunt
1041 657 1176 697 Judaei,

4 718 6 727 ¹
43 719 123 764 quia
146 732 218 752 non
243 718 403 751 habentes
429 719 548 758 altare,
581 731 693 762 neque
715 717 902 760 templum,
931 730 1043 761 neque
1066 731 1176 751 sacer-

45 780 195 820 dotium,
227 788 259 812 et
289 780 334 812 ob
367 779 435 811 hoc
456 792 519 812 nec
542 779 667 812 hostias
692 779 893 820 offerentes,
931 788 1088 824 peccata,
1123 779 1177 812 in—

5 847 7 850 “
46 840 177 886 quiunt,
202 849 315 874 nostra
340 849 477 873 manent
499 840 533 873 in
559 840 674 874 nobis:
700 849 731 873 et
755 839 835 873 ideo
859 840 955 873 venia
979 841 1072 874 nulla
1096 842 1177 875 sub-

5 918 8 948 ᾗ
45 901 204 947 sequitur.
262 900 308 934 Et
331 911 467 942 contra,
504 915 568 935 nos
594 901 705 935 dicere
728 902 909 941 debemus,
946 901 1024 947 quia
1047 901 1177 936 hostiae

7 988 11 996 .
45 973 230 1010 martyrum
261 975 332 995 non
367 964 559 996 offeruntur
581 977 645 1009 pro
670 962 788 1003 nobis,
819 962 946 996 idcirco
981 973 1119 997 manent
1140 963 1176 997 in

45 1025 146 1059 nobis
169 1033 307 1070 peccata
331 1034 462 1058 nostra:
499 1038 572 1058 non
597 1025 686 1058 enim
710 1038 882 1058 meremur
905 1025 1176 1069 persecutionun

7 1101 11 1104 ·
45 1088 115 1132 pati
138 1096 282 1131 propter
297 1085 480 1126 Christum,
502 1100 566 1119 nec
591 1086 680 1119 mori
703 1096 849 1132 propter
872 1100 999 1120 nomen
1023 1086 1084 1119 filii
1099 1087 1176 1119 Dei.

8 1162 10 1183 ῑ
45 1148 92 1181 Et
112 1147 190 1180 ideo
218 1147 318 1180 etiam
344 1146 510 1187 diabolus,
532 1147 638 1181 sciens
661 1161 723 1192 per
737 1147 927 1192 passionem
948 1147 1100 1192 martyrii
1125 1161 1178 1181 re-

45 1208 241 1242 missionem
264 1207 337 1241 fieri
361 1218 590 1252 peccatorum,
613 1221 686 1241 non
700 1209 771 1241 vult
793 1208 892 1242 nobis
911 1209 1065 1253 publicas
1083 1209 1178 1242 Gen-

44 1269 155 1303 tilium
179 1269 429 1314 persecutiones
452 1283 606 1303 movere:
630 1269 690 1303 scit
714 1269 822 1309 enim,
855 1271 933 1314 quia
957 1270 983 1304 si
1007 1271 1051 1304 ad
1074 1284 1178 1313 reges,

45 1340 78 1363 et
100 1331 269 1375 praesides
293 1330 505 1362 adducamur
526 1339 668 1374 propter
690 1343 817 1363 nomen
844 1330 987 1372 Christi,
1018 1333 1061 1365 ad
1087 1332 1178 1365 testi-

45 1392 201 1425 monium
224 1391 363 1424 ,Iudaeis
387 1399 419 1423 et
447 1389 611 1432 gentibus,
636 1392 798 1434 gaudium
821 1393 921 1425 nobis
946 1402 976 1425 et
1001 1393 1177 1427 exsultatio

46 1453 96 1493 sit,
120 1452 198 1497 quia
222 1465 350 1485 merces
379 1461 493 1484 nostra
524 1453 630 1486 multa
660 1453 694 1486 in
728 1454 831 1487 coelis
867 1462 923 1487 est.
979 1454 1073 1487 Haec
1104 1467 1178 1487 non

44 1513 124 1549 facit
147 1513 322 1553 inimicus,
352 1514 403 1547 vel
428 1514 524 1558 quod
546 1514 617 1559 ipse
641 1515 769 1557 gloriae
792 1524 926 1548 nostrae
948 1514 1094 1556 invidet,
1127 1517 1178 1549 vel

44 1576 191 1610 fortassis
216 1577 310 1620 quod
332 1574 400 1614 ille,
425 1574 482 1620 qui
507 1575 622 1609 omnia
644 1577 827 1621 praevidet,
850 1576 1092 1622 praenoscit³)
1116 1590 1180 1611 nos

45 1650 118 1670 non
143 1649 212 1670 esse
235 1637 379 1671 idoneos
404 1637 447 1669 ad
470 1637 668 1684 martyrium
694 1639 922 1671 tolerandum.
967 1637 1038 1671 Scit
1062 1647 1179 1671 tamen

44 1697 228 1738 Dominus,
252 1697 310 1743 qui
333 1706 410 1730 sunt
434 1696 522 1743 ejus,
555 1707 588 1731 et
610 1699 646 1732 in
672 1700 795 1745 quibus
818 1713 892 1733 non
915 1708 1089 1745 speratur,
1120 1700 1180 1732 ha-

44 1761 104 1792 bet
125 1759 184 1792 ille
206 1759 383 1792 thesauros
406 1772 504 1792 suos:
537 1773 629 1800 „non
640 1760 677 1805 ¹²)
708 1762 799 1795 enim
832 1761 917 1795 sicut
948 1762 1054 1794 homo
1079 1759 1180 1801 videt,

45 1820 91 1854 ita
116 1829 149 1853 et
170 1820 298 1853 Deus.“
343 1819 416 1861 Ego
441 1833 512 1853 non
539 1821 658 1855 dubito
689 1831 721 1855 et
751 1822 788 1855 in
820 1822 886 1855 hoc
915 1830 1084 1854 conventu
1109 1833 1180 1854 esse

46 1881 179 1926 aliquos
208 1881 271 1925 ipsi
301 1880 366 1913 soli
398 1882 568 1924 cognitos,
605 1882 663 1928 qui
694 1881 762 1928 jam
794 1883 886 1928 apud
916 1895 994 1916 eum
1017 1890 1180 1928 martyres

45 1943 112 1977 sint
132 1940 324 1976 testimonio
349 1942 585 1984 conscientiae,
607 1943 727 1989 parati,
750 1943 777 1977 si
794 1943 869 1989 quis
883 1952 1051 1988 exposcat,
1066 1944 1178 1977 effun-

140 2088 176 2133 ¹)
203 2087 273 2121 Cfr.
298 2089 441 2133 Apocal.
467 2089 523 2128 VI,
546 2089 578 2123 9.
602 2101 693 2134 seqq.

121 2144 178 2188 .2)
201 2143 291 2177 Edd.
315 2143 471 2177 Merlini:
495 2158 622 2181 verear.

138 2199 177 2243 ³)
199 2199 292 2232 Edd.
318 2198 474 2232 Merlini:
500 2209 532 2233 et
555 2200 757 2246 praenoscit.

140 2255 178 2299 ¹²)
200 2255 217 2287 I
241 2255 332 2288 Sam.
355 2254 449 2296 XVI,
474 2256 505 2290 7.

48 2314 225 2350 Omcssms
249 2315 388 2351 OPERA.
414 2315 515 2351 Tou.
539 2317 585 2350 X.
904 2317 923 2349 7
