1427 2460
201 57 266 92 186
682 55 857 90 Omonms

200 147 278 181 Gad
303 148 346 180 ad
371 147 500 186 David,
523 155 555 179 et
579 146 789 180 denuntiavit
810 147 858 186 ei,
883 146 1018 180 dicens:
1051 155 1109 180 aut
1131 147 1241 181 veniet
1264 148 1328 182 tibi

197 209 304 242 tribus
329 208 424 242 annis
447 209 551 240 fames
572 221 675 252 super
696 218 821 241 terram
847 217 960 241 tuam:
996 217 1054 241 aut
1072 208 1180 242 tribus
1203 209 1326 243 mensi-

198 272 261 303 bus
291 279 328 302 ut
363 269 469 310 fugias
499 278 577 302 ante
610 269 766 304 inimicos
789 279 884 310 tuos,
923 270 981 315 qui
1006 280 1037 303 te
1061 279 1326 315 persequentur:

199 342 256 365 aut
278 332 393 364 triduo
417 344 510 364 mors
534 331 592 363 fiat
615 331 651 364 in
674 341 762 364 terra
787 341 852 365 tua.
899 332 999 365 Nunc
1024 345 1103 375 ergo
1122 331 1217 371 scito,
1240 331 1328 372 vide,
1377 350 1383 369 ,ι

199 394 281 439 quid
312 394 536 438 respondeam
571 393 620 432 ei,
655 392 714 437 qui
738 406 794 425 me
815 392 912 427 misit.
972 393 1017 428 Et
1041 393 1123 427 dixit
1146 393 1260 427 David
1283 394 1328 426 ad
1356 422 1378 444 ,Ι

199 456 295 489 Gad:
325 455 497 497 angustiae
526 454 610 488 mihi
642 464 721 488 sunt
748 454 901 500 undique
928 456 1037 490 valde.
1084 457 1154 490 Sed
1177 454 1327 488 incidam

196 517 233 550 in
262 531 384 551 manus
415 516 561 550 Domini
591 516 713 559 magis,
750 518 829 562 quia
850 518 978 551 multae
1000 518 1232 552 miserationes
1256 516 1328 562 ejus
1378 536 1380 540 ·

197 588 291 619 sunt,
315 588 348 612 et
370 578 406 612 in
429 591 548 612 manus
573 578 753 612 hominum
779 593 851 612 non
876 579 1043 613 incidam:
1079 579 1127 612 Et
1141 577 1234 612 dedit
1249 578 1327 610 Do·
1379 590 1383 630 ζ

197 641 310 674 minus
333 641 369 673 in
393 640 495 674 Israel
519 650 666 673 mortem
691 654 710 673 a
734 654 836 674 mane
866 654 974 686 usque
1003 642 1046 674 ad
1077 641 1199 674 horam
1223 651 1331 683 pran‘
1382 671 1386 678 ,

198 703 264 743 dii,
297 712 328 735 et
358 702 488 735 mortui
519 711 599 735 sunt
631 703 674 735 «le
696 704 829 747 populo
866 716 884 735 a
908 703 988 735 Dan
1019 715 1127 747 usque
1156 701 1327 735 Bersabee

196 765 404 810 septuaginta
429 761 535 797 mil'lia
558 763 721 797 virorum.
769 764 813 797 Et
837 763 982 797 extendit
1005 765 1142 805 angelus
1164 763 1231 796 Dei
1253 775 1326 796 ma-

195 841 279 860 num
303 840 398 860 suam
422 826 459 859 in
481 826 689 866 Jerusalem,
713 835 752 858 ut
775 835 1010 871 corrumperet
1033 839 1126 866 eam,
1151 835 1184 859 et
1205 826 1341 870 depre--

196 898 288 923 catus
320 898 368 922 est
398 887 571 921 Dominus
602 900 706 931 super
735 887 920 928 malitiam,
957 897 989 920 et
1019 888 1067 921 ait
1091 888 1134 921 ad
1159 889 1327 930 angelum,

197 951 255 996 qui
287 950 531 984 exterminabat
562 950 750 994 populum:
797 949 874 982 satis
906 958 970 990 est,
1016 949 1149 983 remitte
1184 961 1325 982 manum

195 1017 321 1046 tuam.“
378 1013 530 1046 Observa
563 1024 661 1053 ergo,
685 1012 865 1056 quomodo
889 1025 953 1045 nec
976 1011 1011 1045 in
1035 1011 1074 1045 iis
1097 1012 1205 1044 tribus
1230 1023 1325 1044 com-

195 1074 438 1107 minationibus
455 1073 490 1116 ι)
521 1073 615 1106 Deus
646 1073 817 1106 invenitur
848 1074 889 1106 de
919 1083 1031 1106 morte
1062 1073 1182 1107 dixisse
1220 1071 1325 1106 trium

196 1135 341 1171 dierum.
384 1135 424 1168 In
449 1134 558 1169 verbis
582 1134 672 1167 enim
700 1133 776 1167 Gad
801 1135 951 1179 positum
976 1144 1041 1176 est,
1073 1148 1146 1168 non
1168 1133 1204 1167 in
1228 1147 1326 1168 man-

196 1198 281 1231 datis
303 1197 467 1231 Domini:
499 1206 530 1229 et
559 1210 633 1229 non
661 1209 797 1241 semper
821 1210 876 1237 ea,
910 1210 997 1242 quae
1026 1209 1089 1242 per
1118 1197 1324 1241 prophetam

195 1260 373 1299 dicuntur,
397 1258 491 1303 quasi
514 1271 533 1290 a
557 1258 633 1291 Deo
659 1258 747 1291 dicta
760 1258 797 1301 ²)
821 1258 1060 1303 suscipiuntur.
1106 1258 1268 1304 Denique
1292 1267 1326 1291 et

194 1335 257 1367 per
279 1322 402 1354 Mosen
427 1320 564 1365 quidem
589 1321 695 1352 multa
722 1321 856 1353 locutus
881 1330 929 1353 est
952 1321 1064 1360 Deus,
1087 1320 1260 1365 aliquanta
1273 1330 1322 1354 ta-

194 1397 274 1416 men
303 1383 338 1415 'et
359 1383 477 1416 Moses
508 1381 646 1426 propria
678 1381 880 1414 auctoritate
903 1382 1091 1415 mandavit:
1129 1383 1224 1427 quod
1249 1383 1324 1416 Do-

193 1444 306 1477 minus
337 1444 371 1477 in
404 1443 594 1486 Evangeliis
634 1442 881 1476 evidentissima
924 1443 1139 1477 distinctione
1169 1447 1324 1486 secernit,

194 1520 272 1540 cum
306 1506 386 1539 dicit
417 1507 460 1538 de
491 1505 637 1550 repudio
670 1504 820 1537 mulieris
845 1504 1087 1546 interrogatus,
1113 1506 1192 1551 quia
1216 1507 1323 1551 ‚‚ad³)

195 1567 354 1601 duritiam
389 1567 500 1600 cordis
530 1568 649 1600 vestri“
679 1566 809 1610 scripsit
840 1566 937 1599 vobis
968 1567 1052 1599 haec
1083 1566 1216 1601 Moses:
1257 1569 1322 1609 „ab

192 1630 289 1662 initio
315 1639 428 1662 autem
451 1643 522 1662 non
549 1628 613 1661 fuit
635 1627 715 1661 sic.“
763 1627 903 1672 ,‚Qui⁴)
929 1628 1019 1661 enirn
1043 1629 1121 1661 fecit
1135 1629 1324 1672 hominem,

193 1692 381 1725 masculum
415 1700 447 1724 et
477 1691 641 1723 feminam
673 1689 752 1722 fecit
784 1695 886 1728 eos‚¹‘
917 1699 948 1722 et
979 1691 1151 1724 benedixit.
1180 1705 1256 1734 eos,
1292 1702 1324 1726 et
1372 1711 1375 1714 >

193 1753 312 1792 „dixin
336 1763 478 1798 propter
502 1753 569 1785 hoc
594 1752 762 1796 relinquet
787 1751 892 1803 homo
918 1761 1046 1796 patrem
1071 1766 1182 1794 suum,
1206 1763 1239 1786 et
1251 1767 1323 1788 ma-

194 1825 278 1848 trem
301 1828 415 1854 suam,
447 1824 479 1848 et
503 1813 700 1848 adhaerebit
723 1814 942 1853 uxorisuae,
974 1823 1014 1846 et·
1035 1815 1138 1848 ambo
1165 1826 1264 1849 erunt
1286 1817 1323 1850 in

193 1890 295 1910 carne
330 1881 430 1911 una..“
484 1877 529 1909 Et
553 1875 662 1909 addit:
696 1874 861 1920 „quod⁵)
895 1887 973 1917 ergo
1007 1875 1101 1909 Deus
1138 1876 1321 1923 conjunxit,

288 1979 322 2020 ¹)
346 1979 436 2012 Edd.
461 1977 599 2011 Merlini
624 1978 729 2009 male:
757 1975 1112 2010 contaminationibus.

284 2035 321 2077 ²)
349 2034 437 2068 Alias
460 2035 507 2079 (v.
533 2048 560 2068 c.
585 2034 620 2066 in
646 2034 723 2066 edd.
750 2032 834 2075 M.):
859 2032 947 2073 „dici
972 2033 1229 2079 suscipiantur.“
1252 2034 1321 2068 Sed

194 2079 272 2112 Mss.
298 2088 335 2111 ut
357 2078 393 2112 in
415 2088 534 2112 nostro
559 2089 661 2112 textu.
688 2079 727 2110 R.

285 2135 322 2177 ³)
346 2135 467 2167 Matth.
493 2135 588 2175 XIX,
612 2136 642 2169 8.

284 2190 320 2234 ⁴)
346 2190 416 2223 Csr.
441 2190 565 2225 Matth.
590 2192 688 2230 XIX,
713 2194 742 2224 4.
768 2193 798 2224 5.
833 2193 910 2224 coll.
936 2191 1056 2226 Genes.
1083 2191 1123 2230 ΙΙ,
1147 2191 1201 2224 24.

286 2246 322 2288 )
346 2246 467 2280 Matth.
493 2246 589 2286 XIX,
611 2248 641 2280 6.

1384 138 1398 178 ¹4,

1383 182 1398 218 ἧι
