1427 2460
216 94 262 130 84
698 90 877 125 Omemus

217 197 339 228 gnum,
376 182 474 229 quod
507 181 604 214 vobis
633 190 789 225 paratum
823 189 871 214 est
895 192 911 213 a
938 179 1181 213 constitutione
1214 179 1364 217 mundi,“

221 256 255 281 et
278 256 407 280 cetera:
433 244 471 278 iis
497 251 620 283 autem,
646 243 706 286 qui
731 257 749 276 a
781 241 919 276 sinistris
943 250 1038 281 sunt,
1070 240 1174 275 dicet:
1196 241 1308 286 ‚,ite')
1329 241 1367 274 in

219 309 331 352 ignem
357 316 531 340 aeternum
558 303 706 349 operarii
731 303 924 348 iniquitatis,
950 316 1051 348 quem
1071 303 1282 348 praeparavit
1305 315 1365 348 pa-

218 380 271 403 ter
294 381 389 401 meus
416 367 569 405 diabolo,
593 375 625 398 et
649 365 773 407 angelis
799 365 886 410 ejus:
911 365 1073 409 quoniam
1091 378 1162 398 nou
1180 364 1260 397 novi
1275 368 1367 398 vos.“

220 431 264 464 Et
287 438 366 464 sunt
389 429 506 471 utique
530 427 658 461 mortui
681 426 722 466 ii,
754 426 813 471 qui
843 426 879 459 in
910 426 1023 468 iguem
1055 426 1237 460 mittuntur
1261 436 1367 460 aeter-

218 506 322 526 num:
348 500 427 525 sunt
452 499 564 523 autem
588 488 651 521 vivi
675 488 735 528 illi,
760 487 818 533 qui
842 488 1022 521 mittuntur
1046 490 1090 522 ad
1115 501 1270 530 regnum.

309 553 340 588 6.
366 553 432 593 „Et
444 551 481 596 2)
506 550 659 591 cessavit,
683 550 811 595 inquit,
834 549 1050 595 vastatio‚“³)
1073 552 1147 591 vel,
1172 559 1211 583 ut
1233 549 1270 582 in
1295 550 1367 583 aliis

221 615 470 659 exemplaribus
500 613 564 656 legi
598 612 759 646 diximus:
795 611 1009 651 „confractio
1022 615 1050 643 :“
1081 613 1174 656 quod
1208 621 1239 644 et
1262 611 1366 653 magis

223 674 511 721 interpretationis
523 675 561 719 4)
597 675 757 707 convenit
787 667 925 706 veritati.
989 672 1186 706 Confractio
1216 686 1367 718 namque

223 747 279 778 est,
305 750 393 782 quae
416 737 506 769 velut
529 736 565 768 in
591 736 674 770 vasis
698 734 857 769 fictilibus
883 735 1036 768 efficitur.
1074 734 1275 768 Peccatores
1289 747 1366 777 ergo

220 813 296 833 vasa
320 800 436 833 fictilia
460 799 566 831 fiunt:
591 798 676 831 sicut
698 796 863 830 Jeremias
887 796 1055 841 propheta
1077 795 1228 838 designat
1251 797 1286 829 in
1303 796 1367 829 La·

221 861 498 902 mentationibus‚
525 860 658 893 dicens:
683 858 814 902 „fflii⁵)
839 858 942 898 Sion,
969 858 1028 902 qui
1058 867 1152 890 erant
1176 857 1365 891 honorabi-

222 924 269 956 les
294 932 326 955 et
350 923 385 956 in
410 935 494 955 auro
521 921 606 961 elati,
632 921 812 966 quomodo
838 919 983 964 reputati
1018 929 1096 952 sunt
1120 919 1156 952 in
1180 932 1254 953 vasa
1278 919 1365 952 ficti-

223 984 279 1025 lia,
307 997 412 1029 opera
436 997 601 1016 manuum
626 982 764 1025 figuli?“
802 982 862 1015 Et:
887 981 941 1022 „in
956 980 992 1026 ⁶)
1018 981 1123 1014 domo
1148 994 1270 1022 magna
1293 994 1367 1013 non

221 1054 309 1086 sunt,
333 1045 444 1090 inquit
468 1046 664 1089 Apostolus,
689 1044 930 1077 tantummodo
957 1055 1032 1076 vasa
1057 1055 1158 1076 aurea
1192 1051 1224 1075 et
1247 1055 1366 1085 argen-

223 1117 286 1146 tea,
311 1108 369 1140 sed
395 1116 426 1139 et
454 1107 563 1149 lignea
591 1115 623 1138 et
646 1106 780 1138 fictilia:
806 1115 837 1138 et
861 1105 925 1138 alia
950 1105 1089 1149 quidem
1115 1104 1159 1137 ad
1184 1104 1367 1143 honorem,

223 1169 287 1201 alia
311 1178 424 1202 autem
449 1169 492 1201 nd
518 1168 792 1201 contumeliam.“
848 1167 937 1199 Sunt
969 1179 1048 1208 ergo
1082 1178 1158 1198 vasa
1183 1164 1297 1198 fictilia
1322 1166 1366 1198 ad

225 1229 488 1271 contumeliam,
514 1243 601 1275 quae
626 1238 658 1262 et
683 1228 852 1270 confringi
877 1237 1029 1274 possunt.
1077 1227 1146 1259 Sed
1171 1227 1365 1260 considere-

224 1305 300 1325 mus
325 1291 525 1335 diligentius,
551 1291 633 1336 quid
657 1291 691 1323 in
717 1290 1001 1335 consequentibus
1015 1288 1201 1334 Apostolus
1220 1289 1263 1321 de
1286 1288 1366 1333 ipsis

223 1352 307 1386 vasis
330 1353 492 1386 fictilibus
517 1352 621 1386 dicat:
646 1351 744 1395 „si⁷)
769 1352 853 1395 quis,
867 1351 989 1395 inquit,
1007 1350 1241 1383 emundaverit
1262 1360 1367 1383 semet

222 1413 335 1458 ipsum
359 1414 402 1447 ab
427 1413 476 1455 iis,
501 1414 564 1447 erit
589 1427 641 1446 vas
667 1413 710 1445 ad
735 1413 903 1445 honorem
928 1411 1190 1452 sanctificatum,
1226 1420 1258 1444 et
1284 1411 1366 1444 utile

222 1474 392 1515 Domino,
416 1476 458 1509 ad
485 1488 588 1509 omne
615 1488 700 1520 opus
724 1475 857 1507 bonum
875 1478 1064 1519 paratum.“
1105 1474 1145 1505 In
1164 1486 1233 1517 quo
1252 1482 1364 1506 osten-

178 1559 181 1561 >
224 1537 305 1570 dere
327 1536 469 1578 videtur,
494 1538 588 1582 quod
621 1546 653 1570 et
675 1549 728 1570 vas
754 1536 883 1581 ipsum,
916 1536 1010 1580 quod
1033 1534 1089 1575 fit,
1121 1543 1154 1567 et
1176 1548 1239 1579 per
1263 1547 1364 1579 quem

222 1598 271 1638 fit,
293 1611 380 1632 unus
404 1608 504 1643 atque
532 1599 625 1632 idem
650 1599 758 1632 homo
784 1597 834 1631 sit.
869 1597 1021 1639 Intellige
1044 1609 1123 1638 ergo
1149 1597 1364 1640 propositum

225 1658 363 1704 quidem
395 1660 542 1694 hominis
577 1673 664 1700 esse,
702 1661 796 1705 quod
827 1668 1008 1703 operatur:
1051 1657 1218 1702 reliquam
1248 1666 1363 1690 autem
1400 1688 1403 1690 ,

222 1730 356 1765 partem
380 1721 528 1755 hominis
552 1722 667 1766 ipsum
693 1734 762 1754 esse
785 1734 851 1761 vas,
875 1720 969 1765 quod
993 1719 1030 1751 fit
1050 1720 1102 1752 vel
1122 1720 1164 1752 ad
1181 1720 1363 1760 honorem,

224 1783 276 1815 vel
301 1783 394 1828 adss)
425 1783 675 1817 contumeliam.
700 1807 708 1813 .
731 1782 819 1815 Cum
852 1793 937 1827 ergo
969 1794 1083 1814 sensus
1109 1789 1244 1821 noster,
1276 1793 1364 1826 quae

321 1906 356 1950 ¹)
382 1905 452 1940 Cfr.
476 1905 596 1941 Matth.
620 1905 731 1948 XXV,
754 1906 806 1940 41.
831 1904 912 1938 colI.
937 1904 1020 1937 Luc.
1044 1903 1140 1946 XIII,
1163 1905 1217 1939 27.

317 1961 355 2005 ²)
380 1962 481 1995 Num.
505 1963 598 2002 XVI,
621 1964 674 1997 50.

317 2016 354 2060 ³)
377 2017 418 2049 In
443 2017 530 2051 Cod.
554 2017 757 2052 Ebroicensi
780 2015 915 2060 legitur:
939 2016 1161 2060 „quassatio.“
1184 2015 1225 2048 R.

316 2070 491 2123 ⁴).C0dd.
515 2074 732 2108 Ebroicensis
755 2082 787 2107 et
809 2071 1038 2106 Belvacensis:
1069 2071 1360 2117 „interpretationi

225 2127 383 2150 convenit
405 2118 583 2152 veritatis.“
604 2120 649 2154 R.

317 2173 354 2218 ⁵)
378 2172 505 2207 Thren.
528 2175 587 2214 IV,
609 2175 640 2208 2.
735 2174 772 2218 ⁶)
796 2175 828 2207 ΙΙ
853 2173 941 2208 Tim.
965 2172 1007 2214 II,
1030 2173 1084 2207 20.

318 2229 354 2272 7)
378 2229 409 2261 11
434 2229 522 2263 Tim.
546 2229 589 2270 II,
613 2230 666 2264 21.

315 2284 352 2329 ⁸)
376 2285 481 2320 Deest
504 2287 590 2327 „ad“
613 2285 649 2319 in
671 2287 744 2320 sola
769 2286 821 2320 ed.
844 2285 885 2318 R.
