1427 2460
347 75 383 98 m
406 65 586 97 Nummos
611 63 771 96 HomfflA
791 63 904 97 xvn.
1125 65 1193 99 213

64 158 214 202 Aegypto
238 168 299 200 per
321 154 441 199 pascha
467 162 500 185 et
523 162 649 199 azyma,
673 152 717 185 ita
743 161 775 185 et
792 154 1127 186 commemorationis
1152 155 1187 187 in

63 219 194 250 deserto
229 217 268 249 fit
301 213 465 248 memoria
505 226 568 257 per
601 213 830 247 tabernacula.
889 214 928 247 ln
963 214 1188 247 tabernaculis

60 278 151 319 ,enim
176 276 409 309 habitaverunt
432 284 543 318 patres
566 274 673 308 nostri
698 274 732 307 in
759 275 902 308 deserto.
949 275 1051 308 Unde
1075 284 1185 310 autem

62 337 134 371 fieri
157 345 292 382 oportet
314 336 372 369 ista
397 336 634 376 tabernacula,
665 335 729 368 nisi
754 349 792 368 ex
816 336 926 369 verbis.
947 336 1026 377 legis
1051 345 1083 368 et
1104 349 1186 380 pro*-

42 394 253 443 'pbetarum,
283 409 321 429 ex
344 397 557 430 sermonibus
581 398 811 441 psalmorum,
842 406 875 429 et
899 397 1070 437 omniurn,
1100 410 1187 441 quae

59 459 275 492 continentur
298 457 334 490 in
357 458 452 501 lege?
491 457 578 490 Cum
604 458 693 490 enim
720 471 757 491 ex
773 458 822 499 iis,
846 470 935 503 quae
956 457 1081 502 scripta
1098 466 1185 496 sunt,

57 519 191 564 proficit
215 518 342 559 anima,
374 529 406 552 et
436 532 569 563 semper
603 518 740 563 quidem
773 531 828 557 ea,
864 531 951 562 quae
981 527 1072 551 retro
1097 527 1186 557 sunt,

56 580 273 620 obliviscens,
303 581 345 613 ad
371 593 426 620 ea,
458 594 543 625 quae
567 580 601 613 in
626 588 702 612 ante
725 589 820 620 sunt,
842 593 877 613 se
901 579 1062 619 extendit,
1089 589 1120 612 et
1143 581 1186 612 de

55 641 134 674 loco
158 641 320 675 inferiore
342 642 562 686 progrediens
586 641 712 681 crescit,
738 655 776 674 ac
795 640 931 686 proficit
943 642 985 673 ad
1000 641 1185 686 superiora,

55 715 93 735 ex
119 712 297 745 augmento
323 702 494 742 virtutum,
519 711 549 734 et
563 715 600 734 ex
619 701 688 746 ipsa
707 701 944 735 immutatione
958 703 1184 746 profectuum,

54 763 87 795 in
112 764 337 797 tabernaculis
367 763 488 796 merito
513 763 644 795 dicetur
676 764 838 796 habitare.
883 763 971 795 Vide
1000 773 1129 803 autem,
1159 763 1184 795 si

54 837 125 856 non
148 834 225 857 sunt
248 825 480 864 tabernacula,
512 837 598 868 quae
631 824 701 856 fixit
725 825 837 863 Deus,
869 824 967 857 etiam
992 823 1067 863 illa,
1098 837 1185 868 quae

55 885 211 918 Salvator
245 895 492 918 commemorat
526 885 561 917 in
593 885 795 928 Evangelio,
835 885 968 919 dicens:
1010 884 1128 924 „facite
1149 885 1184 925 ι)

54 946 147 980 vobis
170 946 296 979 amicos
320 947 362 979 de
378 959 575 979 mammona
595 947 788 991 iniquitatis,
812 957 859 987 ut,
883 961 960 980 cum
985 946 1184 986 defeceritis,

54 1008 217 1052 recipiant
248 1021 307 1040 vos
339 1007 374 1040 in
406 1017 539 1040 aeterna
571 1008 821 1041 tabernacula.“
874 1008 955 1040 Fixa
989 1017 1098 1040 autem
1131 1008 1181 1039 di-

54 1078 178 1101 cuntur
202 1069 309 1101 aDeo
327 1068 430 1112 quasi,
456 1081 542 1112 quae
566 1083 637 1101 non
664 1068 946 1101 circumferantur
972 1069 1065 1101 omni
1083 1078 1184 1101 vento

54 1129 237 1163 doctrinae.
286 1130 372 1162 Sunt
399 1138 508 1161 autern
536 1138 568 1162 et
593 1130 705 1161 adhuc
728 1130 946 1162 tabernacula
978 1130 1038 1163 ista
1065 1139 1097 1161 et
1119 1129 1182 1169 „si-

54 1199 110 1222 cut
127 1189 164 1234 ²)
180 1190 280 1222 cedri
303 1188 391 1234 juxta
418 1194 552 1234 aquas.“
599 1189 729 1222 Cedros
754 1190 808 1222 hic
832 1204 903 1222 non
929 1191 1002 1224 illas
1026 1191 1124 1230 dicit,
1148 1191 1184 1223 in

55 1250 176 1294 quibus
206 1250 382 1294 culpabilis
415 1260 552 1283 notatur
580 1251 697 1283 elatio:
745 1252 802 1284 sed
834 1252 951 1283 cedros
985 1251 1066 1289 Dei,
1098 1263 1184 1294 quae

52 1310 237 1354 suscipiunt
262 1309 333 1343 vitis
355 1309 462 1349 illius,
487 1324 573 1354 quae
599 1324 635 1343 ex
662 1312 815 1357 Aegypto
841 1313 999 1344 translata
1027 1321 1083 1351 est,
1107 1312 1183 1356 pal-

29 1370 164 1410 'mites,
195 1380 227 1402 et
257 1369 292 1402 in
318 1371 440 1414 quibus
464 1371 644 1416 requiescit
675 1374 803 1406 fructus
834 1373 910 1412 ille,
944 1372 1038 1417 cujus
1062 1375 1183 1407 umbra

54 1431 187 1476 operuit
209 1440 354 1465 montes.
403 1431 439 1465 Si
463 1431 662 1472 intellexisti,
687 1442 849 1477 quantam
882 1433 1033 1478 requiem
1061 1435 1185 1466 habeat

54 1493 116 1526 iter
138 1491 336 1536 sapientiae,
366 1503 530 1537 quantum
556 1494 698 1535 gratiae,
730 1504 962 1539 quantumque
986 1494 1184 1535 dulcedinis,

54 1554 127 1586 noli
152 1554 378 1595 dissimulare,
412 1555 484 1587 noli
509 1555 694 1597 negligere,
725 1557 783 1588 sed
817 1556 996 1597 aggredere
1021 1557 1087 1588 hoc
1111 1555 1183 1595 iter,

54 1627 116 1647 nec
141 1614 244 1646 eremi
268 1614 485 1647 solitudinem
510 1616 758 1659 perhorrescas.
805 1616 979 1649 Habitanti
1012 1616 1099 1649 enim
1124 1616 1183 1648 tibi

54 1675 89 1707 in
123 1674 318 1719 hujusmodi
351 1677 574 1710 tabernaculis
608 1687 764 1710 occurret
800 1691 922 1711 manna
956 1679 1115 1716 coeleste,
1153 1686 1184 1710 et

55 1736 253 1777 angelorum
287 1749 411 1780 panem
442 1738 673 1771 manducabis.
729 1739 845 1783 Incipe
874 1748 1022 1779 tantum,
1056 1752 1119 1771 nec
1153 1748 1184 1771 tc

55 1806 256 1842 perterreat,
279 1806 318 1830 ut
341 1797 502 1836 diximus,
525 1799 674 1831 solitudo
701 1800 830 1833 deserti.
881 1800 957 1832 Cito
982 1800 1018 1832 in
1043 1813 1183 1832 consor-

53 1859 137 1891 tium
161 1867 258 1890 tuum
285 1858 385 1893 etiam
409 1859 517 1902 angeli
541 1860 691 1900 venient,
724 1874 809 1905 quos
834 1862 897 1894 sub
921 1862 1032 1906 specie
1062 1863 1182 1894 cedro—

55 1933 130 1952 rum
155 1919 302 1952 arbitror
324 1920 499 1954 indicatos.

143 1990 175 2014 o.
223 1980 291 2014 Sed
313 1994 405 2014 nunc
431 1982 622 2022 videamus,
647 1982 729 2026 quid
755 1982 853 2016 etiam
879 1985 922 2017 dc
943 1983 1079 2018 Christo
1103 1998 1184 2030 pro-

54 2043 177 2085 phetet.
225 2042 299 2086 Ipse
324 2051 371 2076 est
395 2042 504 2084 enim,
529 2044 572 2076 de
596 2031 665 2087 quo
691 2043 789 2077 dicit:
814 2044 936 2084 „exibit
950 2044 986 2089 ³)
1011 2046 1117 2079 homo
1143 2048 1184 2079 de

150 2130 185 2173 ¹)
209 2131 290 2164 Luc.
317 2131 418 2171 XVl,
441 2133 472 2165 9.
675 2131 713 2176 ²>
738 2132 839 2166 Num.
857 2132 984 2172 XXXV,
1007 2134 1038 2168 6.

148 2186 190 2230 ³)
211 2187 314 2221 Num.
337 2186 464 2227 XXIV,
488 2188 518 2220 7.
544 2187 574 2221 8.
609 2207 648 2213 —
683 2188 772 2220 Edd.
799 2187 846 2220 M.
872 2197 902 2219 et
928 2189 967 2221 R.
998 2188 1064 2222 hoc
1097 2189 1186 2229 loco,

60 2231 117 2263 cfr.
140 2243 172 2274 p.
185 2232 262 2267 215.
288 2241 358 2265 not.
375 2232 406 2266 3.
429 2232 651 2272 „unicornis“
675 2232 801 2266 omisso
825 2246 896 2265 voe.
921 2231 1046 2278 ‚,ejus.“
