1427 2460
336 117 371 141 m
396 107 573 140 Nummos
598 106 756 141 Humum
776 107 902 140 XXVI.
1122 110 1191 145 325

49 198 194 241 nanti¹)
227 210 301 237 eos,
348 210 433 241 quos
462 195 713 229 illuminatione
749 210 807 230 sua
846 197 965 240 dignos
1005 197 1183 232 invenerit'

50 259 209 303 Quorum
238 257 525 302 contemplatione
555 257 653 290 etiam
685 257 786 291 nobis
819 258 898 292 dare
929 259 1086 302 dignetur
1108 273 1182 294 ver·

48 310 132 353 bum
157 320 193 352 in
216 317 470 363 adapertionem
495 319 562 352 oris
585 318 700 352 nostri.
748 319 818 352 Sed
842 332 900 361 age
923 319 1003 366 jam,
1025 320 1052 355 si
1075 322 1180 355 corda

49 381 192 415 erexistis
216 382 260 414 ad
283 379 493 420 Dominum,
525 389 557 413 et
581 379 673 413 verbi
698 379 769 425 ejus
793 381 899 415 sancti
919 381 1179 417 illustrationem

45 442 201 487 petiistis,
224 442 266 475 ad
289 442 572 486 perscrutandum
595 432 731 476 sensum
759 455 889 485 eorum,
914 456 1000 488 quae
1023 443 1179 478 videntur

46 503 165 542 latere,
189 502 370 536 veniamus.

132 565 162 598 4.
208 564 366 598 Exeundi
397 566 438 598 de
469 565 622 611 Aegypto
656 565 797 606 figuram
824 566 959 600 duobus
983 566 1095 600 modis
1120 579 1175 600 ae-

45 625 128 671 cipi,
161 635 191 659 et
206 625 243 670 ²)
268 639 286 659 a
310 625 482 670 prioribus
512 629 650 666 nostrsss,
683 636 714 659 et
743 640 759 659 a
784 627 884 661 nobis
908 640 1008 672 saepe
1030 626 1099 673 jam
1124 627 1175 661 di-

43 697 134 721 ctum
160 698 216 723 est.
263 689 349 720 Nam
374 697 405 720 et
430 701 504 721 cum
531 688 605 732 quis
631 689 673 721 de
689 701 843 721 errorum
859 688 1007 722 tenebris
1022 689 1065 721 ad
1083 688 1175 731 agni—

44 747 142 782 tionis
166 749 283 782 lumen
315 749 508 789 adducitur,
547 758 578 782 et
610 750 652 782 de
680 759 811 783 terrena
845 751 1099 783 conversatione
1130 750 1174 782 ad

41 810 225 855 spiritualia
248 810 397 844 instituta
423 808 640 850 convertitur,
665 813 707 844 de
728 813 882 857 Aegypto
907 811 1040 844 videtur
1063 809 1176 850 exisse,

41 880 73 903 et
96 871 222 904 venisse
245 872 288 903 ad
311 872 545 904 solitudinem:
571 872 613 904 ad
634 872 730 905 illum
757 873 911 906 videlicet
935 871 1019 905 vitae
1039 881 1173 913 statum,

40 931 75 965 in
100 945 169 977 quo
198 945 261 978 per
287 932 457 967 silentium
489 942 520 965 et
554 933 700 978 quietem
734 943 926 967 exerceatur
950 932 1068 965 divinis
1091 932 1173 974 legi-

39 994 120 1034 bus,
144 1003 175 1027 et
199 993 342 1038 eloquiis
367 994 567 1028 coelestibus
590 994 779 1028 imbuatur:
810 1008 872 1040 per
895 1008 982 1040 quae
1004 994 1175 1028 institutus

40 1064 71 1088 et
95 1055 256 1096 directus,
285 1068 363 1089 cum
385 1056 574 1089 ,Iordanem
601 1056 784 1096 transierit,
814 1065 976 1101 properet
998 1068 1105 1100 usque
1129 1056 1172 1088 ad

40 1127 163 1150 terram
188 1115 472 1161 repromissionis,
496 1116 532 1150 id
557 1127 613 1157 est,
637 1131 699 1162 per
717 1118 856 1160 gratiam
879 1116 1038 1162 baptismi
1067 1129 1173 1161 usque

40 1180 82 1212 ad
108 1178 295 1219 evangelica
326 1177 473 1211 instituta
505 1179 688 1222 perveniat.
749 1179 817 1212 Sed
850 1188 882 1211 et
913 1179 1005 1211 illam
1028 1178 1171 1220 figuram

40 1254 109 1275 esse
139 1240 281 1273 diximus
312 1238 456 1272 exeundi
487 1241 529 1272 de
553 1240 723 1285 Aegypto,
762 1253 839 1272 cum
870 1239 1030 1284 relinquit
1058 1239 1170 1272 anima

39 1302 159 1336 mundi
184 1301 282 1347 hujus
307 1301 478 1339 tenebras,
511 1314 549 1333 ac
581 1311 722 1334 naturae
755 1315 941 1346 corporeae
965 1301 1171 1340 caecitatem,

39 1374 72 1397 et
94 1364 292 1397 transfertur
317 1362 360 1394 ad
384 1362 477 1394 aliud
506 1362 695 1394 saeculum:
732 1363 825 1406 quod
857 1363 907 1395 vel
938 1361 1028 1394 sinus
1059 1361 1168 1394 Abra·

37 1424 147 1466 hami,
171 1434 208 1458 ut
230 1424 265 1457 in
289 1424 436 1463 Lazaro,
459 1424 510 1456 vel
533 1424 724 1467 paradisus,
748 1432 784 1456 ut
806 1422 842 1455 in
865 1424 1014 1462 latrone,
1046 1422 1104 1467 qui
1127 1422 1170 1454 de

39 1500 138 1521 cruce
163 1484 322 1524 credidit,
346 1484 528 1517 indicatur:
544 1483 580 1528 3)
604 1486 655 1517 vel
686 1484 784 1517 etiam
809 1484 836 1518 si
867 1497 932 1529 qua
957 1482 1051 1516 novit
1074 1485 1169 1517 Deus

39 1562 108 1583 esse
132 1548 196 1581 alia
219 1548 313 1585 loca,
353 1547 404 1579 vel
441 1546 520 1579 alias
550 1545 759 1586 mansiones,
797 1559 859 1590 per
891 1558 977 1590 quae
1007 1544 1170 1578 transiens

38 1611 149 1645 anima
171 1610 249 1641 Deo
275 1609 425 1647 credens,
451 1617 481 1640 et
504 1607 701 1652 perveniens
725 1620 830 1652 usque
856 1608 899 1640 ad
923 1608 1049 1640 flumen
1074 1606 1170 1645 illud,

39 1673 134 1718 quod
163 1670 321 1703 laetificat
352 1667 515 1701 civitatem
546 1667 630 1710 Dei,
665 1669 752 1701 intra
780 1669 891 1713 ipsum
922 1677 1047 1701 sortem
1086 1680 1169 1711 pro-

38 1735 158 1767 missae
181 1732 332 1777 patribus
357 1729 570 1763 haereditatis
594 1729 745 1774 accipiat.
797 1729 900 1772 Igitur
930 1742 1006 1761 cum
1032 1727 1170 1773 duplici,

37 1804 76 1828 ut
99 1793 377 1833 memoravimus,
417 1792 523 1824 modo
548 1803 693 1833 egressus
719 1791 909 1833 designetur
940 1804 977 1823 ex
1003 1790 1169 1836 Aegypto,

41 1865 73 1889 et
104 1855 259 1889 transitus
291 1854 333 1886 ad
366 1855 552 1894 desertum,
603 1861 704 1897 atque
733 1852 813 1885 inde
838 1853 1002 1893 ingressus
1027 1851 1070 1884 ad
1094 1864 1169 1884 sau-

39 1927 110 1950 ctae
134 1926 242 1949 terrae
266 1915 522 1954 haereditatem,
552 1912 723 1948 videamus
753 1927 861 1953 nunc,
893 1911 975 1958 quid
1006 1912 1069 1946 sibi
1093 1911 1170 1945 velit

37 1979 163 2012 Ruben
188 1987 220 2011 et
246 1977 339 2016 Gad,
378 1985 410 2009 et
443 1974 582 2009 dimidia
611 1976 718 2009 tribus
749 1975 914 2009 Manasse.
959 1973 1169 2012 Haereditas,

134 2154 169 2199 ¹)
195 2154 283 2187 Edd.
308 2153 461 2188 Merlini:
485 2152 708 2187 illuminante.

130 2209 169 2254 ²)
194 2210 299 2243 Deest
322 2214 410 2252 „et“
435 2209 470 2243 in
495 2210 547 2243 ed.
571 2210 689 2245 Ruaei.

135 2265 172 2310 3)
197 2266 287 2299 Edd.
312 2265 469 2301 Merlini:
493 2265 656 2300 indicant.
