1427 2460
510 75 788 101 PROLEGOMENA.
1152 79 1218 103 XIII

92 158 210 193 sancti
232 157 379 203 Cyrilli:
419 166 501 191 nam
537 160 574 191 et
606 155 758 203 phrasin
782 155 950 201 Origenis
980 152 1144 200 servant,
1183 163 1219 193 et

92 219 279 254 erroribus
303 219 465 264 ejusdem
489 221 662 252 scatent.“
709 218 789 252 Huc
819 218 930 259 adde,
962 219 1060 263 quod
1083 229 1130 252 ex
1153 219 1221 254 ho.

91 281 215 315 miliae
243 281 420 327 septimae
449 290 600 314 numero
633 283 762 324 quarto
798 279 915 325 liquet
947 279 1014 315 has
1048 279 1220 316 homilias

62 366 65 370 «
94 342 300 377 Caesareae
319 341 356 375 in
378 341 586 376 Palaestina
616 341 761 376 habitas
795 341 923 384 fuisse,
963 342 1026 376 ubi
1057 345 1221 377 sanctum

93 402 270 448 Cyrillum
295 413 483 437 sermones
508 404 554 437 ad
582 402 759 449 populum
782 402 956 437 habuisse
978 403 1077 438 nullo
1104 404 1221 439 eccle-

92 464 262 499 siasticae
284 464 461 499 historiae
485 469 719 500 monumento
744 464 909 499 traditur.

179 526 317 560 Harum
339 536 454 572 porro
479 526 712 561 homiliarum
744 536 817 560 non
849 524 958 559 alium
981 525 1220 571 interpretem

92 597 199 631 quam
231 587 398 621 Rufinum
436 587 563 632 quaeri
601 588 755 629 debere,
797 586 960 621 breviter
999 588 1220 623 demonstro.

91 648 299 683 Gennadius
329 651 501 689 testatur,
533 649 704 694 quicquid
729 647 899 694 Origenis
921 658 1066 683 versum
1098 653 1170 692 est,
1203 660 1225 683 a

91 710 221 745 Rufino
244 721 391 746 versum
415 720 496 744 esse
521 700 686 757 eXceptis
710 710 767 753 iis,
794 719 887 755 quae
911 710 1023 745 vertit
1042 710 1224 756 Hierony-
1259 741 1262 744 ,

91 782 182 806 mus.
242 774 289 806 At
310 771 342 806 is
371 771 411 805 in
435 771 638 818 Catologo‚
673 772 888 807 nominatim
910 783 1106 807 recensens
1132 783 1225 817 quae

91 832 203 872 vertit
232 844 278 867 ex
310 832 487 878 Origene,
525 834 759 869 homiliarum
792 834 831 867 in
861 834 1062 868 Leviticum
1090 834 1227 869 nullam

91 893 180 928 facit
202 894 442 929 ment-ionem:
469 899 504 930 et
525 895 674 930 Rufinus
699 895 735 930 in
759 896 1008 941 peroratione,
1033 906 1140 941 quam
1165 897 1227 930 ad-

87 955 180 999 Jecit
205 955 487 992 Commentariis
518 957 556 991 in
586 957 782 1004 epistolam
807 959 853 992 ad
875 958 1083 1000 Romanos,
1116 958 1228 1004 profi-

93 1019 191 1052 tetur
233 1029 273 1052 se
314 1019 470 1054 vertisse
508 1019 678 1065 Origenis
718 1019 754 1053 in
797 1019 1000 1053 Leviticum
1042 1019 1226 1054 homilias.

91 1079 252 1121 „Fateor
286 1090 461 1125 namque,
502 1081 637 1127 inquit,
680 1081 830 1115 Heracli
864 1081 979 1116 frater
1021 1081 1229 1122 amantisse,

94 1141 192 1185 quod
224 1141 308 1175 dum
337 1142 410 1176 tuis
447 1143 639 1177 desideriis
677 1142 893 1178 satisfacere
927 1143 1056 1189 cupio,
1093 1142 1229 1177 oblitus

95 1211 174 1235 sum
198 1213 294 1248 pene
315 1193 488 1247 mandati,
513 1215 585 1249 quo
609 1203 856 1250 praecipitur,
881 1214 973 1238 onus
998 1215 1110 1250 supra
1132 1204 1230 1239 vires

94 1266 175 1297 tuas
198 1274 245 1298 ne
268 1264 463 1300 levaveris:
480 1265 655 1310 quamvis
678 1265 789 1299 nobis
813 1276 881 1300 nec
904 1265 941 1299 in
966 1266 1112 1309 ceteris,
1139 1277 1231 1311 quae

93 1327 131 1357 te
162 1323 370 1366 insistente,
407 1326 482 1360 imo
518 1327 643 1372 potius
678 1337 832 1372 pensum
856 1327 975 1361 diurni
1007 1328 1131 1374 operis
1157 1328 1233 1362 exi-

95 1388 200 1429 gente
231 1385 269 1420 in
299 1386 451 1422 latinum
481 1388 675 1431 vertimus,
712 1388 868 1423 defuerit
898 1389 1077 1435 plurimus
1113 1389 1233 1433 labor⁷

96 1446 180 1480 dum
204 1448 377 1493 supplere
403 1449 569 1495 cupimus
595 1461 654 1491 ea,
686 1461 778 1494 quae
809 1450 854 1484 ab
882 1450 1042 1496 Origene
1071 1451 1108 1484 in
1134 1451 1235 1486 audi-

96 1507 196 1542 torio
222 1509 404 1545 ecclesiae
438 1522 483 1545 ex
518 1516 704 1558 tempore,
743 1501 818 1547 'non
849 1516 925 1548 tam
951 1513 1234 1558 explanationis,

97 1580 204 1614 quam
229 1572 493 1608 aedificationis
515 1574 717 1609 intentione
740 1578 917 1621 perorata
940 1578 1039 1617 sunt;
1082 1575 1177 1610 sicut
1199 1575 1236 1610 in

97 1631 270 1678 homiliis,
295 1634 372 1669 sive
395 1635 432 1669 in
457 1636 696 1671 oratiunculis
718 1636 755 1670 in
772 1636 931 1671 Genesin
957 1640 993 1671 et
1015 1637 1052 1670 in
1064 1638 1235 1672 Exodum

99 1693 270 1739 fecimus,
296 1700 333 1731 et
354 1697 554 1744 praecipue
577 1694 614 1732 in
637 1699 713 1741 his,
746 1709 838 1744 quae
861 1699 899 1733 in
922 1698 1057 1734 librum
1082 1699 1237 1733 Levitici

100 1755 146 1789 ab
170 1756 236 1791 illo
262 1758 407 1803 quidem
431 1760 633 1805 perorandi
657 1760 773 1806 stylo,
809 1772 831 1795 a
861 1760 970 1795 nobis
993 1764 1083 1795 v'ero
1110 1761 1236 1806 expla-

100 1818 209 1851 nandi
227 1819 353 1865 specie
373 1821 552 1856 translata
569 1826 662 1857 sunt.
700 1823 818 1866 Quem
834 1818 1002 1857 labor'em
1016 1822 1239 1868 adimplendi

103 1889 196 1923 quae
221 1880 387 1923 deerant,
422 1882 563 1917 idcirco
590 1884 835 1929 suscepimus,
867 1894 913 1917 ne
936 1883 1105 1930 pulsatae
1129 1893 1237 1928 quae-

103 1940 242 1977 stiones
267 1946 304 1977 et
324 1942 488 1985 relictae,
514 1945 612 1988 quod
633 1945 670 1978 in
694 1945 909 1979 homiletico
936 1944 1082 1979 dicendi
1105 1955 1238 1989 genere

105 2002 149 2037 ab
174 2002 239 2037 illo
264 2003 344 2038 fieri
363 2004 471 2047 solet,
494 2005 610 2039 lutino
635 2005 768 2040 lectori
792 2005 975 2040 fastidium
989 2011 1238 2051 generarent.“

106 2064 179 2099 Sed
201 2065 339 2103 utinam
363 2065 435 2100 hoc
459 2067 590 2102 labore
615 2067 838 2113 adimplendi
863 2079 954 2113 quae
980 2069 1147 2111 deerant,
1181 2080 1238 2103 su-

106 2126 345 2171 persedisset!
409 2128 465 2162 Ex
500 2129 578 2173 ejus
610 2129 705 2164 enim
738 2130 886 2164 licentia
918 2130 1053 2164 factum
1079 2134 1152 2174 est,
1188 2136 1239 2173 ut,

108 2188 169 2232 qui
192 2188 281 2234 legit
303 2189 374 2237 has
394 2190 584 2232 homilias,
607 2192 768 2226 incertus
793 2192 858 2233 sit,
889 2195 1010 2226 utrum
1035 2193 1133 2238 legat
1157 2193 1238 2227 Ori-

109 2249 245 2294 gfflem,
278 2263 320 2287 an
345 2252 521 2288 Rufinum.
579 2254 747 2289 Ceterum
782 2266 863 2290 cuin
889 2255 1013 2298 judice
1037 2256 1166 2290 Rufino
1195 2267 1239 2289 cz
