1427 2460
173 53 242 88 248
653 51 830 85 Oaffinms

172 142 259 182 rint,
291 150 322 176 et
353 155 390 176 ex
420 140 602 175 voluntatis
633 141 784 175 motibus
818 142 1024 182 coalescere,
1055 151 1175 187 atque,
1206 152 1245 175 ut
1266 143 1311 188 ita

175 204 305 244 dicam,
341 204 402 237 ubi
439 212 540 248 caput
578 203 754 248 coeperint
791 205 833 237 de
869 205 964 237 vulva
995 202 1127 237 animae
1157 205 1314 249 proferre

173 266 364 311 perniciosa
389 264 555 299 desideria
578 264 716 306 maligni
739 266 874 311 spiritus
897 265 1123 311 inspiratione
1137 275 1314 311 concepta,

174 328 315 372 arripiat
343 328 453 361 statim
485 336 517 360 et
549 327 652 361 elidat
682 327 725 359 ad
755 336 904 371 petram:
935 326 970 360 id
1004 337 1067 368 est,
1101 328 1249 361 adducat
1271 329 1315 361 ad

175 387 366 429 Christum,
404 399 441 422 ut
470 388 505 421 in
535 398 720 434 conspectu
751 389 919 422 tremendi
948 388 1068 434 judicii
1102 388 1172 435 ejus
1202 389 1315 434 posita

175 451 382 491 exolescant,
415 460 446 484 et
476 450 642 495 pereant?
691 451 786 483 Haec
811 449 899 483 dicta
924 460 1002 484 sunt
1025 451 1124 484 nobis
1150 451 1192 484 de
1215 463 1315 492 gene-

173 512 238 545 rali
267 513 513 553 fornicatione,
543 525 630 557 quae
660 512 788 557 species
819 511 922 544 habet
951 512 1131 557 plurimas:
1169 525 1316 557 quarum

174 587 243 607 una
269 583 317 607 est
340 574 435 614 haec,
460 588 547 619 quae
569 575 605 608 in
631 574 877 607 consuetudine
903 575 948 606 ob
968 574 1149 619 corporale
1160 583 1315 619 stuprum

173 635 358 669 fornicatio
386 636 595 669 nominatur.
641 635 715 678 Ego
740 648 820 669 vero
847 637 958 679 legens
983 636 1207 680 Apostolum,
1237 650 1315 669 cum

175 697 339 732 venissem
370 698 414 731 ad
444 711 520 731 eum
546 698 681 738 locum,
711 698 746 731 in
771 710 839 742 quo
866 696 964 731 dicit:
988 696 1071 742 „qui
1093 697 1126 741 ¹)
1149 711 1185 731 se
1208 697 1317 744 jungit

174 759 349 799 Domino,
377 773 464 793 unus
494 759 629 805 spiritus
654 763 748 793 est:“
779 768 826 792 et:
856 757 935 804 „qui
951 758 988 804 2)
1011 771 1046 792 se
1075 758 1183 805 jungit
1206 773 1319 793 mere—

173 819 266 861 trici,
288 834 398 854 unum
423 834 547 866 corpus
574 827 666 856 est:“
697 821 915 866 quaerebam,
945 820 972 854 si
997 830 1046 854 est
1069 821 1198 866 aliquid
1223 821 1317 856 aliud

174 881 328 915 medium
357 893 491 927 praeter
523 884 607 923 hoc,
638 893 674 916 ut
699 892 756 916 aut
780 882 937 915 Domino
964 883 1037 927 quis
1061 882 1229 928 jungatur,
1259 892 1318 916 aut

174 944 363 977 meretrici:
389 954 421 977 et
443 958 508 989 pro
534 944 660 978 viribus
683 944 767 977 meis
793 943 984 984 discutiens,
1007 945 1223 988 profundum
1240 945 1317 979 satis

175 1015 208 1039 et
230 1005 446 1039 reconditum
470 1006 506 1039 in
530 1005 569 1039 iis
592 1005 702 1039 verbis
725 1005 883 1038 intuebar
906 1004 1064 1049 Apostoli
1086 1018 1233 1046 sensum,
1259 1006 1317 1051 qui

174 1065 221 1100 ita
253 1067 436 1107 definierit,
468 1067 563 1112 quod
595 1067 707 1100 omnis
736 1067 849 1099 anima
872 1076 930 1099 aut
953 1065 1109 1099 Domino
1134 1066 1317 1113 conjuncta

174 1127 236 1168 sit,
265 1137 324 1162 aut
354 1128 541 1162 meretrici:
573 1137 606 1161 et
637 1128 804 1168 intellexi,
840 1128 935 1173 quod
959 1126 1151 1162 Dominum
1178 1129 1318 1174 quidem

175 1189 296 1223 dixerit
319 1190 476 1230 virtutes,
499 1203 586 1235 quae
611 1189 762 1224 Christus
788 1199 851 1232 est,
876 1189 912 1222 id
937 1199 985 1223 est
1008 1190 1161 1230 verbum,
1183 1189 1319 1235 sapien-

174 1251 268 1292 tiam,
291 1245 483 1292 beritatem,
510 1250 691 1297 justitiam,
723 1261 902 1297 ceteraque
926 1251 1143 1298 hujusmodi:
1166 1252 1319 1286 meretri—

177 1325 250 1346 cem
272 1326 354 1347 vero
382 1325 501 1347 omnes
526 1326 544 1346 e
568 1313 742 1347 contrario
768 1313 916 1347 malitiae
941 1314 1078 1358 species.
1113 1314 1192 1347 Hoc
1216 1314 1316 1348 etiam

175 1375 268 1419 apud
290 1375 512 1408 Salomonem
544 1375 612 1408 dici
635 1374 789 1416 intelligo
813 1375 849 1407 in
875 1387 928 1417 eo,
954 1376 1049 1419 quod
1074 1374 1120 1407 ait
1144 1375 1188 1408 de
1208 1388 1320 1409 mere-

175 1436 280 1476 trice,
314 1436 392 1481 quia
424 1449 509 1480 „per
525 1436 562 1480 ³)
593 1437 754 1469 fenestras
784 1435 948 1480 prospicit
978 1437 1013 1469 in
1043 1437 1190 1481 plateas,
1229 1446 1261 1470 et
1291 1437 1319 1471 si

176 1510 278 1543 quem
308 1497 429 1530 viderit
459 1497 694 1543 insipientium
728 1497 1082 1538 adolescentulorum,
1117 1506 1150 1530 et
1177 1497 1317 1544 inopem

174 1571 354 1599 sensuum,
384 1568 615 1593 transeuntem
645 1559 736 1605 juxta
768 1560 910 1602 angulos
936 1560 1058 1593 domus
1081 1573 1180 1601 suae,
1210 1569 1241 1594 et
1264 1561 1318 1594 lo-

177 1630 338 1666 quentem
373 1620 409 1653 in
446 1621 592 1655 tenebris
630 1621 845 1665 vespertinis,
893 1634 971 1653 cum
1006 1620 1178 1655 silentium
1215 1622 1318 1656 fuerit

174 1691 404 1721 nocturnum,
432 1683 485 1715 vel
517 1683 624 1725 caligo
656 1683 781 1716 noctis:
813 1683 938 1717 mulier
962 1692 1075 1716 autem
1101 1684 1251 1718 occurrit
1276 1682 1316 1726 ei,

176 1744 305 1777 habens
339 1743 485 1789 speciem
517 1743 721 1783 meretricis,
760 1758 847 1789 quae
878 1745 957 1778 facit
988 1745 1151 1789 juvenum
1183 1746 1318 1779 evolare
1349 1785 1355 1788 η

178 1807 318 1839 corda.“
364 1806 458 1839 Haec
488 1818 586 1847 ergo,
618 1819 705 1851 quae
729 1805 852 1839 dicitur
874 1806 1050 1847 meretrix,
1078 1807 1152 1854 ipsa
1175 1816 1222 1841 est
1244 1821 1318 1841 ma-

177 1867 263 1901 litia:
301 1877 333 1902 et
369 1867 428 1912 qui
464 1880 499 1900 se
534 1867 680 1913 junxerit
712 1867 790 1900 huic
822 1869 1008 1909 meretrici,
1046 1882 1153 1902 unum
1193 1883 1317 1914 corpus

176 1928 324 1962 malitiae
355 1928 510 1962 efficitur.
555 1928 652 1963 Sicut
682 1942 772 1973 ergo,
809 1929 867 1974 qui
890 1943 925 1963 se
947 1929 1056 1975 jungit
1081 1929 1216 1965 Christo
1241 1931 1317 1964 Do-

177 1990 295 2032 mino,
325 1990 433 2036 jungit
462 2003 497 2024 se
528 1990 727 2036 sapientiae,
756 1990 865 2037 jungit
895 2004 930 2024 se
961 1991 1122 2037 justitiae,
1151 1991 1259 2037 jungit
1282 2006 1317 2026 se

273 2178 308 2221 ¹)
332 2179 346 2211 l
372 2178 452 2213 Cor.
478 2180 536 2220 VI,
561 2182 613 2215 17.
708 2181 746 2225 ²)
771 2182 783 2214 l
811 2181 891 2215 Cor.
917 2181 975 2222 Vl,
999 2182 1051 2216 16.

268 2234 305 2278 ³)
330 2234 431 2268 Prov.
457 2236 532 2276 Vll,
555 2237 676 2271 6-10,
