1427 2460
213 90 282 127 278
364 63 367 65 >
695 90 876 125 Oiuczms

218 179 461 228 primogenita!
495 180 562 215 Hei
586 181 671 215 mihi
696 180 820 220 anima,
845 179 1010 225 quoniam
1033 177 1134 224 periit
1155 178 1359 223 reverens¹)

217 257 234 277 a
259 254 359 284 terra,
383 251 416 277 et
439 242 498 288 qui
521 242 669 285 corrigat
690 242 726 276 in
750 241 949 277 hominibus
969 254 1042 274 non
1069 238 1168 276 est!“
1212 228 1360 276 D⁶omini

217 315 296 339 sunt
325 305 407 338 istae
437 317 555 347 voces,
590 316 694 346 genus
725 304 929 349 humanum·
948 301 1101 345 lugentis.
1162 302 1239 348 Ipse
1270 301 1361 336 enim

219 366 309 399 venit
339 368 382 400 ad
416 353 840 409 colligendam-messem,
881 374 914 398 et
945 364 1074 398 invenit
1103 362 1266 409 stipulam
1294 376 1361 409 pro

219 440 341 467 messe,
372 437 406 461 et
436 428 526 461 venit
557 429 600 462 ad
634 428 862 471 colligendam
894 425 1120 468 vindemiam,
1150 426 1210 460 sed
1234 424 1364 466 invenit

219 502 373 523 racemos
404 503 534 534 paucos
564 503 629 534 pro
662 488 852 530 vindemia,
883 490 1068 533 Apostolos
1098 487 1243 522 scilicet:
1276 500 1363 532 quos

221 550 313 592 „nisi
325 551 362 596 2)
395 550 569 585 Dominus
601 551 755 585 Sabaoth
787 550 975 596 reliquisset
1007 549 1109 584 nobis
1136 554 1299 590 semen,“
1330 558 1364 582 et

220 626 363 655 granum
393 613 558 646 frumenti
586 613 650 647 nisi
687 612 862 647 cecidisset
892 613 926 646 in
957 622 1103 653 terram,
1139 621 1177 645 ut
1211 613 1363 645 fructum

220 673 407 718 plurimum
433 675 575 715 faceret,
608 675 696 708 sicut
719 675 898 715 „Sodoma
920 673 1005 708 facti*
1027 686 1190 714 essemus,
1222 682 1256 707 et
1277 672 1364 707 sicut

224 734 424 769 Gomorrha
447 736 571 773 similes
596 735 805 770 fuismmusf‘
853 735 989 777 Angelis
1014 748 1154 780 quoque
1175 734 1254 775 Dei,
1277 736 1365 774 sicut

221 810 324 842 supra
348 798 503 837 diximus,
529 799 567 831 fit
591 798 752 840 gaudium
776 797 813 831 in
837 798 936 830 coelo
960 809 1064 841 super
1086 809 1158 830 uno
1182 806 1364 842 peccatore

220 858 466 904 poenitentiam
499 870 627 903 agente.
677 860 817 893 Certum
849 868 918 900 est,
949 859 1044 903 quod
1075 858 1136 891 uhi
1166 871 1231 903 pro
1262 858 1364 892 bonis

222 921 344 962 gaudia
374 930 540 965 aguntur,
574 920 622 954 ibi
658 934 722 966 pro
752 920 931 954 contrariis
963 920 1184 954 lamentetur:
1219 921 1246 955 si
1281 933 1362 963 ergo

221 983 369 1024 gaudent
392 996 456 1028 pro
483 996 668 1022 converso,
699 995 833 1016 necesse
865 990 929 1022 est,
969 991 1006 1014 ut
1034 982 1173 1024 lugeant
1195 995 1261 1028 pro
1285 994 1365 1027 pcc·

223 1053 330 1077 cante.
375 1044 561 1089 Propterea
586 1056 665 1086 ergo
691 1045 784 1088 quod
810 1043 938 1085 grande
961 1052 1162 1087 „Peccatum
1177 1042 1215 1088 ³)
1238 1056 1362 1088 pecca-

222 1105 268 1138 vit
291 1105 515 1146 Jerusalem,“
539 1107 729 1139 secundum
755 1105 850 1150 quod
881 1104 1045 1149 scriptum
1070 1113 1118 1138 est
1140 1103 1177 1137 in
1199 1105 1363 1150 lamenta-

221 1166 336 1208 tione,
365 1166 401 1200 in
434 1167 695 1207 „commetione
726 1167 941 1205 sactasestff‘
974 1174 1006 1198 et
1035 1166 1212 1211 perierunt
1242 1180 1362 1201 omnes

222 1229 412 1263 festivitates
442 1228 532 1275 ejus,
563 1238 595 1261 et
626 1228 697 1262 dies
721 1229 889 1262 solemnes
913 1226 1003 1273 ejus,
1036 1227 1199 1272 quoniam
1223 1226 1259 1261 in
1283 1229 1363 1262 loco

221 1300 350 1332 sancto,
374 1300 406 1324 et
429 1290 464 1323 in
489 1290 545 1323 die
569 1289 751 1324 festivitatis
775 1289 969 1323 Dominum
992 1302 1106 1322 meum
1125 1288 1243 1324 Jesum
1260 1289 1361 1323 Chri-

221 1361 309 1386 stum
342 1351 552 1386 occiderunt.
602 1351 649 1385 Et
678 1361 861 1397 propterea
892 1351 974 1384 dicit
1004 1351 1048 1384 ad
1080 1364 1155 1384 eos:
1192 1364 1360 1391 „neome-

222 1413 293 1448 nias
306 1413 343 1459 ἰ)
371 1423 503 1454 vestras,
527 1423 559 1447 et
580 1414 731 1454 sabbata,
756 1422 788 1446 et
804 1413 874 1447 dies
891 1415 992 1447 festos
1011 1421 1137 1446 vestros
1154 1411 1228 1446 odit
1248 1412 1361 1446 anima

222 1479 331 1508 mea-‘⁸
386 1474 451 1508 Hic
483 1475 642 1520 quidem,
675 1477 736 1510 ubi
767 1477 810 1509 de
841 1474 1042 1508 muneribus
1064 1475 1265 1516 mandatur,
1301 1474 1364 1508 ubi

221 1537 333 1571 adhuc
349 1538 443 1570 nulla
458 1546 595 1582 peccata
613 1547 701 1579 sunt,
727 1537 796 1571 dies
814 1537 916 1570 festos
932 1549 1026 1569 meos
1045 1534 1144 1576 dicit;
1165 1534 1227 1568 ubi
1247 1544 1360 1569 autem

220 1608 398 1645 peccatum
432 1609 497 1639 est,
529 1613 602 1633 non
634 1612 748 1638 meos,
776 1600 835 1633 sed
860 1607 986 1632 vestros
1010 1597 1081 1631 dies
1103 1597 1206 1631 festos
1219 1597 1254 1642 ⁵)
1280 1596 1361 1632 dicit

222 1661 405 1695 Dominus.
453 1659 548 1694 Haec
572 1671 683 1694 autem
710 1661 842 1700 omnia,
866 1660 902 1693 in
927 1659 1050 1704 quibus
1073 1659 1125 1692 vel
1149 1659 1282 1701 lugere,
1308 1660 1360 1694 vel

222 1724 388 1764 gaudere,
418 1723 471 1756 vel
503 1724 633 1763 odisse,
663 1723 715 1755 vel
739 1721 856 1756 laetari
879 1721 1002 1756 dicitur
1024 1721 1139 1760 Deus,
1167 1721 1304 1766 tropico
1330 1731 1362 1755 et

221 1785 373 1818 humano
397 1797 495 1817 more
520 1784 717 1830 accipienda
740 1794 818 1818 sunt
842 1785 884 1817 ab
909 1783 1084 1829 Scriptura
1113 1781 1191 1816 dici.
1238 1782 1359 1816 Aliena

220 1859 327 1891 porro
361 1855 409 1880 est
439 1845 552 1880 divina
583 1856 703 1881 natura
736 1847 779 1879 ab
814 1845 909 1879 omni
938 1844 1105 1890 passionis
1130 1852 1161 1878 et
1183 1853 1358 1890 permuta-

220 1907 321 1942 tionis
344 1909 480 1948 affectu,
504 1908 538 1941 in
561 1908 622 1942 illo
645 1921 780 1954 semper
804 1907 1021 1942 beatitudinis
1045 1905 1140 1952 apice
1173 1905 1358 1940 immobilis

221 1979 252 2002 et
275 1969 476 2004 inconcussa
500 1971 699 2015 perdurans.

314 2159 348 2200 ¹)
370 2159 460 2192 Edd.
486 2159 533 2192 M.
559 2169 590 2192 et
614 2159 653 2191 R.
680 2183 698 2199 ‚,
708 2167 885 2192 revertens.
896 2162 916 2178 “
1011 2158 1048 2201 ²)
1070 2159 1170 2194 Jesai.
1197 2160 1222 2200 1,
1244 2159 1275 2193 9.

312 2214 348 2258 ³)
375 2214 502 2248 Thren.
529 2215 554 2255 l,
578 2215 611 2249 8.
797 2213 833 2259 ⁴²)
856 2214 956 2249 Jesai.
982 2214 1007 2255 I,
1032 2214 1086 2248 14.

313 2271 350 2314 ⁵)
375 2271 479 2305 Deest
503 2271 662 2311 „festos‘·
688 2270 722 2303 in
748 2271 824 2303 edd.
850 2271 897 2303 M.
