1427 2460
217 67 261 102 88
276 111 282 116 ⁵
694 67 872 99 Omossms

221 158 247 191 si
272 157 464 190 ostenderet
486 168 549 200 per
573 155 673 196 haec,
706 157 742 189 in
766 156 857 199 virga
890 168 997 189 nucea
1034 168 1102 189 esse
1127 156 1247 196 vitam,
1273 166 1304 190 et
1327 157 1360 190 in

221 220 332 252 lebete
354 230 517 250 succenso
543 229 611 250 esse
634 226 790 251 mortem.
837 217 914 250 Vita
936 218 1025 251 enim
1051 227 1082 251 et
1104 230 1197 251 mors
1220 217 1361 262 ponitur

225 290 302 314 aute
324 278 444 313 faciem
468 288 630 312 nostram.
683 279 728 312 Et
752 288 801 312 est
823 278 888 312 vita
913 278 1049 324 quidem
1076 278 1228 313 Christus
1251 279 1286 312 in
1309 293 1359 313 sa-

227 350 402 375 cramento
437 339 549 373 nucis:
586 353 680 373 mors
711 348 822 373 autem
857 340 1013 375 diabolus
1045 341 1079 374 in
1109 341 1216 382 figura
1246 341 1363 374 lebetis

225 402 386 438 succensi.
434 402 471 437 Si
496 414 574 443 ergo
600 402 801 446 peccaveris,
825 402 1018 447 portionem
1041 412 1134 435 tuam
1154 416 1261 447 pones
1286 416 1364 437 cum

227 466 335 498 lebete
359 477 540 497 succenso:
563 463 589 497 si
615 473 726 497 autem
746 462 831 508 juste
845 464 959 506 egeris,
984 464 1148 498 efficietur
1169 465 1283 509 portio
1306 475 1364 499 tua

226 526 261 559 in
287 526 376 568 virga
401 539 508 559 nucea
533 539 611 558 cum
642 537 766 567 magno
798 524 970 570 pontifice.
1025 527 1094 559 Sed
1125 536 1157 559 et
1186 527 1222 560 in
1248 525 1364 560 Canti-

230 587 274 621 cis
297 586 332 632 ¹)
365 586 586 621 canticorum
620 600 743 631 sponsa
778 588 982 620 descendere
1012 587 1134 620 dicitur
1167 589 1204 622 in
1227 589 1365 622 hortum

228 648 341 688 micis,
364 649 424 682 uhi
449 646 547 682 etiam
572 647 698 693 pariter
723 649 969 682 cum'nucibns
997 649 1259 683 sacerdotalium
1280 663 1366 695 quo-

232 711 420 744 dammodo
438 724 624 756 pomorum
644 709 777 754 copiam
797 709 1019 755 perscribitur
1033 709 1205 744 invenisse.
1237 712 1367 745 Verum

229 781 342 805 tamen
368 773 411 806 de
434 773 550 815 virgis,
585 781 623 804 ut
656 772 769 805 dicere
794 784 1034 816 coeperamus,
1066 786 1175 806 unum
1210 773 1369 818 promisit

229 833 323 867 Deus
346 835 495 867 fructum
520 834 554 867 in
579 833 678 875 virga,
703 843 735 867 et
758 834 873 878 plures
899 834 1001 867 dedit.
1038 834 1106 868 Sed
1130 835 1292 868 attendite
1316 835 1366 868 di—

229 895 402 938 ligentius,
438 895 465 928 si
496 896 584 928 sorte
618 895 803 940 possimus,
838 895 1071 929 liberalitatem
1096 895 1163 929 Dei
1189 896 1370 938 largiorem

231 958 329 990 ctiam
353 957 431 1002 ipsis
455 959 521 991 suis
546 956 829 1001 promissionibus
854 958 1016 990 edocere:
1048 957 1074 990 si
1099 959 1187 992 forte
1214 967 1246 991 et
1270 970 1308 990 ex
1331 957 1369 991 iis

228 1019 322 1052 illam
347 1019 556 1052 ineffabilem
580 1019 767 1051 bonitatem
793 1018 869 1058 Dei,
894 1032 980 1063 quae
1003 1018 1038 1052 in
1056 1019 1252 1064 Scripturae
1271 1019 1368 1052 litera

230 1093 364 1125 semper
395 1080 534 1122 tegitur,
578 1079 694 1112 rimari
725 1089 824 1123 atque
853 1079 1052 1122 investigare
1090 1080 1369 1126 potuerimus22)

232 1155 307 1174 cum
335 1154 412 1174 eum
438 1142 614 1183 largiorem
638 1140 921 1186 in'*praestaud0,
953 1155 1054 1187 quam
1078 1142 1113 1175 in
1137 1142 1369 1186 promittendo

233 1202 414 1238 videamus.

322 1264 354 1299 8.
378 1264 482 1307 Igitur
510 1277 623 1298 sermo
657 1263 869 1308 Scripturae,
904 1265 946 1297 de
982 1278 1047 1310 qua
1072 1278 1163 1299 nunc
1186 1265 1372 1310 loquimur,

231 1328 275 1360 ita
302 1326 418 1360 hahet:
442 1335 496 1367 „et
508 1325 545 1370 3)
572 1325 643 1366 erit,
665 1324 791 1369 inquit,
816 1326 943 1366 homo,
966 1339 1206 1371 quemcunque
1230 1328 1372 1369 elegero,

232 1389 323 1430 virga
348 1386 417 1433 ejus
450 1386 683 1429 germinabit.“
737 1387 814 1419 Hoc
846 1395 893 1419 est
922 1387 1052 1427 solum,
1089 1389 1183 1433 quod
1217 1388 1373 1432 promisit

230 1448 336 1488 Deus,
359 1458 396 1482 ut
415 1447 505 1490 virga
529 1447 617 1494 ejus,
648 1461 749 1492 quem
775 1447 927 1489 elegerit,
957 1448 1130 1490 germinet.
1185 1448 1255 1481 Ubi
1289 1461 1369 1482 vero

233 1511 275 1543 ad
300 1523 372 1543 rem
396 1499 609 1551 veniturssffim
635 1511 728 1554 quod
752 1509 957 1553 promissum
983 1519 1039 1550 est,
1069 1511 1266 1544 ostendatur
1291 1518 1323 1542 et
1335 1509 1372 1552 ⁴²)

234 1570 428 1615 impletum:
451 1584 525 1604 non
550 1584 657 1604 unum
681 1571 778 1611 illud,
802 1571 896 1614 quod
916 1571 1121 1615 promissum
1145 1573 1263 1613 fuerat,
1289 1572 1371 1604 effe-
1416 1565 1421 1598 s

233 1641 324 1665 ctum
349 1631 483 1672 dicitur,
506 1634 564 1665 sed
589 1633 675 1672 vide,
700 1641 825 1677 quanta
841 1633 1034 1666 addanturs
1063 1632 1118 1665 Ait
1139 1633 1245 1666 enim:
1270 1632 1372 1677 „et⁵)

233 1706 327 1734 ecce,
363 1693 560 1736 germinavit
594 1695 684 1736 virga
717 1695 833 1727 Aaron
864 1693 900 1726 in
934 1694 1039 1727 domo
1065 1693 1176 1728 Levi.“
1222 1694 1282 1728 Est
1305 1694 1372 1727 hoc

232 1768 339 1788 unum
370 1754 456 1791 illud
486 1755 558 1789 sine
591 1755 727 1799 dubiou
750 1757 845 1800 quod
876 1756 986 1788 fuerat
1018 1755 1280 1800 repromissum:
1314 1757 1373 1790 sed

234 1817 407 1851 adduntur
430 1826 462 1850 et
485 1817 567 1857 alia,
600 1826 631 1850 et
655 1817 793 1850 dicitur:
825 1816 928 1861 ‚‚et⁶)
959 1816 1122 1862 produxit
1150 1817 1310 1858 frondes,
1341 1826 1374 1850 et

233 1877 378 1922 protulit
399 1879 510 1918 flores,
535 1887 566 1911 et
590 1877 786 1920 germinavit
812 1882 947 1912 nuces.“
1004 1878 1090 1912 Cum
1126 1891 1204 1921 ergo
1231 1879 1274 1912 de
1296 1878 1372 1912 solo
1411 1875 1414 1878 ’

328 2028 364 2073 ¹)
389 2028 517 2064 Cantic.
545 2029 718 2067 Canticor.
745 2030 799 2063 VI.

324 2083 362 2127 ²)
385 2083 449 2118 Ed.
474 2085 582 2118 Ruaei
605 2086 691 2118 sola:
715 2086 919 2130 poterimus:
946 2099 1023 2119 cum
1049 2085 1230 2128 largiorem
1256 2095 1315 2119 etc.

327 2139 364 2183 ³)
389 2141 491 2174 Num.
516 2140 625 2183 XVII,
650 2142 679 2174 5.

328 2194 364 2238 ⁴)
389 2195 492 2230 Deest
516 2200 591 2236 ‚,et“
615 2197 650 2229 in
675 2198 744 2230 sola
772 2198 823 2231 cd.
848 2197 887 2230 R.

326 2253 361 2294 ³⁷)
387 2252 485 2285 Num.
513 2252 621 2291 XVII,
645 2253 674 2287 8.
773 2251 812 2296 ⁶)
836 2253 937 2287 Num.
963 2251 1073 2293 XVII,
1097 2254 1127 2287 8.
