1427 2460
369 51 406 74 m
430 41 607 74 Nummos
631 39 790 73 Homum
808 41 900 73 XVI.
1134 42 1195 76 191

75 130 306 174 duxerunt,¹)
328 129 456 175 inquit,
479 142 553 162 eam
586 129 621 161 in
653 130 794 162 domum
820 130 961 172 Dagon,
993 140 1023 163 et
1046 132 1198 165 inventus

76 200 124 225 est
146 192 271 234 Dagon
303 191 457 224 cecidisse
488 204 617 235 pronus
647 190 681 223 in
716 200 838 224 terram
863 202 939 225 ante
962 205 1075 226 arcam
1098 203 1198 227 testa-

74 253 180 300 menti
202 251 355 286 Domini.
399 252 445 285 Et
468 261 599 295 gravata
624 262 672 286 est
695 266 815 286 manus
829 254 972 286 Domini
991 268 1093 299 super
1107 258 1198 289 Azo—

73 323 146 355 tos,
170 323 203 348 et
225 313 395 358 dissipavit
418 327 493 354 eos,
518 323 550 346 et
573 314 734 358 percussit
758 328 816 347 eos
839 315 874 347 in
899 315 1062 349 natibus.“
1114 317 1198 350 Post

73 375 174 416 haec,
207 375 334 420 inquit,
368 375 564 420 ingressa2)
596 385 643 408 est
663 375 747 409 'arca
771 377 806 409 in
832 378 1006 416 Accarou,
1045 387 1076 410 et
1098 379 1197 412 mise-

71 443 153 468 runt
182 437 464 477 Accamnienses,
511 446 543 469 et
575 447 862 479 congregaverunt
901 451 1020 470 omnes
1051 448 1196 484 satrapas

70 497 358 544 Allophylorum,
383 498 462 542 et3)
487 508 798 540 „congregaverunt
822 501 1030 540 sacerdotes,
1055 510 1087 533 et
1111 502 1207 535 divi-1

69 572 132 592 nos
165 571 243 593 suos
269 558 436 594 dieentes:
472 560 553 604 quid
584 560 745 594 faciemus
768 573 865 593 arcae
889 561 1059 594 Domini?
1104 563 1196 596 Indi-

70 630 143 653 cate
171 622 289 664 nobis,
326 623 504 667 quomodo
533 621 742 655 remittamus
773 634 848 654 eam
879 622 916 654 in
946 623 1061 656 locum
1084 638 1194 658 suum.

68 681 335 726 Responderunt
368 685 558 717 sacerdotes
593 693 624 716 et
649 682 769 715 divini:
826 683 864 718 Si
894 683 1058 718 remittitis
1081 699 1193 719 arcam

67 742 213 776 Domini
243 744 310 777 Dei
342 745 460 785 Israel,
495 745 603 778 nolite
635 757 708 777 eam
741 744 910 777 dimittere
941 744 1096 787 inanem,
1135 749 1194 780 sed

67 804 184 837 dantes
209 805 329 839 dabitis
354 806 384 838 ei
413 818 478 851 pro
503 805 642 846 delicto,
676 815 709 838 et
731 815 813 838 tunc
836 807 1056 848 sanabimini,
1088 818 1119 841 et
1142 809 1194 842 in-

64 874 218 899 notescet
245 866 351 901 vobis.
407 867 468 900 Sin
494 875 626 907 autem,
659 880 732 900 non
764 867 913 901 discedet
934 882 1054 903 manus
1079 870 1150 915 ejus
1175 885 1194 905 a

64 926 191 960 vobis.“
243 928 289 961 Et
310 938 389 974 post
410 941 536 974 pauca:
568 938 622 969 „et
634 927 669 972 4)
692 942 801 969 nunc,
840 929 967 974 inquit,
997 931 1097 964 facite.
1121 945 1192 966 car—

62 1001 139 1021 rum
163 1002 312 1030 novum,
346 992 429 1024 duas
451 1004 568 1025 vaccas
590 992 698 1024 foetas
721 992 896 1032 assumite,
931 992 1053 1036 quibus
1076 992 1192 1038 jugum

64 1062 136 1095 non
161 1060 207 1084 est
230 1051 448 1097 impositum,
471 1062 502 1086 et
524 1051 652 1097 jungite
676 1065 790 1085 vaccas
814 1053 857 1085 ad
881 1065 1032 1094 carrum,
1063 1064 1094 1087 et
1117 1056 1191 1088 foe-

62 1121 116 1145 tus
140 1125 257 1146 earum
281 1123 374 1146 retro
400 1114 558 1146 abducite
582 1114 625 1146 ad
650 1115 810 1146 domum:
836 1122 867 1146 et
891 1115 1055 1148 adsumite
1079 1129 1190 1150 arcam

61 1172 224 1214 Domini,
259 1184 290 1207 et
312 1175 481 1219 imponite
514 1188 587 1208 earn
612 1187 715 1220 super
739 1187 890 1214 carrum,
926 1184 959 1208 et
982 1190 1057 1210 vasa
1080 1190 1191 1218 aurea,

63 1228 151 1279 quae
183 1235 351 1269 obtulistis
381 1236 412 1269 ei
440 1249 505 1280 pro
538 1236 682 1276 delicto,
718 1235 818 1269 simul
849 1236 967 1280 ponite
991 1252 1093 1283 super
1117 1253 1190 1272 car—

61 1309 157 1336 rum,
188 1306 222 1329 et
253 1296 367 1330 omnia
391 1306 505 1330 sancta
529 1297 619 1343 ejus:
654 1306 686 1329 et
709 1297 865 1330 dimittite
890 1311 983 1338 cam,
1017 1308 1048 1332 et
1071 1301 1188 1333 vadat:

61 1367 93 1391 et
122 1357 250 1400 videte,
289 1358 315 1391 si
347 1358 485 1403 quidem
513 1359 604 1392 vadit
636 1371 699 1403 per
722 1358 808 1391 viam
832 1371 947 1399 suam,
983 1368 1015 1391 et
1038 1362 1081 1393 ad
1105 1361 1189 1395 fines

59 1433 139 1453 suos
163 1420 337 1453 adscendit
365 1420 401 1453 in
424 1420 630 1460 Bethsamis,
668 1419 740 1464 ipsa
764 1420 866 1453 nobis
888 1419 969 1453 fecit
991 1421 1082 1455 mala
1105 1423 1187 1456 haec

59 1494 190 1524 magna.
237 1481 275 1516 Si
297 1490 410 1514 autem
433 1494 505 1514 non
529 1482 620 1515 vadit
643 1481 744 1522 illuc,
779 1482 939 1522 sciemus,
962 1481 1042 1526 quia
1066 1497 1187 1517 manus

60 1541 131 1588 ejus
161 1556 233 1577 non
267 1542 407 1585 contigit
434 1556 516 1583 nos,
552 1544 611 1576 sed
640 1543 784 1577 fortuitu
814 1543 898 1576 haec
928 1543 1029 1577 nobis
1054 1545 1186 1578 accide—

60 1609 172 1638 runt.“
227 1603 380 1638 Observa
411 1617 489 1648 ergo
513 1604 550 1637 in
574 1604 629 1645 iis,
661 1605 840 1650 quomodo
865 1607 1056 1639 sacerdotes
1080 1616 1112 1639 et
1136 1607 1186 1640 di-

59 1663 128 1698 vini
151 1678 286 1699 causam
308 1667 497 1707 malorum,
522 1679 608 1711 quae
631 1666 824 1700 acciderant
846 1667 1048 1713 Allophylis‚
1070 1677 1185 1702 utrum

59 1739 98 1760 ex
128 1739 232 1760 manu
263 1727 347 1767 Dei,
379 1737 411 1760 et
432 1741 497 1772 pro
523 1740 619 1762 arcae
643 1726 767 1773 injuria
791 1726 938 1767 venerit,
975 1741 1018 1761 an
1042 1729 1183 1762 fortuitu

59 1788 236 1829 acciderit,
275 1789 459 1834 propositis
504 1788 778 1834 contemplantur
830 1788 975 1830 indiciis,
1020 1790 1183 1824 dicentes:

57 1849 154 1894 ,‚si⁵)
183 1862 247 1895 per
268 1850 356 1883 viam
380 1863 475 1884 suam
506 1851 549 1884 ad
572 1851 656 1884 fines
687 1862 764 1883 suos
788 1851 962 1884 adscendit
983 1850 1019 1884 in
1042 1851 1194 1885 Bethsaff

152 1992 186 2037 ¹)
210 1993 224 2025 l
251 1992 342 2027 Sam.
365 1993 406 2033 V,
429 1995 460 2028 2.
484 1995 515 2028 3.
540 1993 574 2038 (I
596 1993 717 2037 Regg.)

148 2048 185 2092 ²)
209 2049 225 2080 I
249 2049 340 2082 Sam.
365 2049 404 2090 V,
429 2050 481 2085 10.
505 2049 539 2094 (I
562 2048 684 2093 Regg.)

149 2103 186 2147 ³)
212 2104 228 2136 I
249 2105 339 2138 Sam.
363 2105 419 2144 VI,
443 2107 475 2140 2.
498 2107 530 2139 3.
555 2105 589 2150 (Ι
613 2105 731 2149 Regg.)

152 2159 188 2204 ⁴²)
214 2160 229 2192 I
253 2162 343 2195 Sam.
369 2162 428 2202 VI,
453 2163 483 2196 7.
506 2161 537 2195 8.
561 2163 593 2197 9.
618 2160 653 2205 (I
676 2160 795 2205 Regg.)

148 2215 184 2259 ⁵)
208 2215 276 2250 Cfr.
300 2217 421 2251 ISam.
436 2218 496 2258 VI,
509 2219 539 2253 9.
562 2217 641 2251 coll.
668 2229 744 2263 pag.
764 2217 835 2263 huj.
858 2220 971 2253 not.4.
989 2220 1024 2264 (Ῐ
1038 2220 1157 2264 Regg.)
