1427 2460
389 58 424 80 m
447 46 626 80 Nummos
651 45 813 78 Hom-Lm
834 45 911 78 XV.
1150 43 1215 77 173

90 139 191 173 oculo
216 136 443 179 exacuere,¹)
474 144 505 169 et
534 146 722 179 provocare
751 133 820 179 jam
853 133 1019 179 coeperit,
1039 142 1121 165 tunc
1144 146 1215 165 non

89 201 199 233 solum
221 197 405 232 maledictis
429 197 470 229 ab
494 196 651 236 inimico,
683 196 741 229 sed
766 205 796 228 et
819 194 1126 240 snpermaledictis‚
1148 194 1216 226 hoc

78 270 155 300 vest,
186 258 491 293 vehementioribus
523 257 782 291 maledictorum
812 256 929 300 jaculis
951 256 1216 303 impugnabitur·

91 322 158 355 Sed
182 331 261 355 tunc
284 319 420 365 quidem
446 333 482 352 os
506 318 644 353 Balaam
669 318 907 352 maledictione
939 328 969 350 et
993 312 1218 351 amaritudine

89 385 229 428 plenum
252 390 331 421 erat,
356 390 388 414 et
411 383 473 415 sub
497 382 611 424 lingua
635 380 704 427 ejus
734 381 833 414 labor
858 389 891 413 et
915 380 1034 418 dolor,
1066 388 1098 412 et
1121 379 1216 411 sede-

89 445 147 477 bat
168 444 203 476 in
226 442 355 476 insidiis
388 455 466 476 cum
500 443 665 477 divitibus.
689 444 695 451 '
718 442 939 487 Exspectabat
971 440 1062 473 enim
1085 452 1216 472 merce-

89 506 146 538 des
170 518 188 537 a
213 503 314 538 divite
337 517 424 547 rege,
448 513 484 537 ut
509 504 543 536 in
569 504 707 538 occultis
729 503 977 545 interficereffl)
1010 501 1218 534 innocentes.

89 567 157 600 Sed
180 567 292 607 Deus,
319 565 376 610 qui
400 566 477 599 facit
507 578 640 610 semper
662 565 831 598 mirabilia
853 566 962 604 solus',
1001 577 1038 596 ex
1074 562 1218 595 inimicis

90 637 250 674 operatur
271 628 423 661 salutem.
470 627 588 673 lnjecit
612 627 701 660 enim
720 628 861 659 verbum
876 627 911 658 in
938 639 974 659 os
992 624 1072 670 ejus,
1098 637 1217 668 quam-

89 689 134 723 vis
158 691 312 723 nondum
339 702 399 721 cor
423 688 493 733 ejus
518 701 639 733 capere
663 687 822 733 posset3)
855 687 996 719 verbum
1023 685 1098 717 Dei.
1147 686 1219 717 Ad-

89 751 154 784 huc
181 751 270 784 enim
295 760 365 783 crat
387 749 423 782 in
450 750 553 782 corde
585 749 655 795 ejus
678 749 844 782 mercedis
870 747 1054 791 cupiditas,
1079 755 1221 791 propter

89 813 183 857 quod
208 812 306 845 etiam
331 821 409 855 post
435 811 575 844 verbum
600 811 687 850 Dei,
719 812 814 855 quod
845 810 965 843 habuit
997 809 1032 842 in
1065 822 1123 841 ore
1145 821 1219 848 suo,

90 874 222 907 dicebat
244 873 287 906 ad
311 871 456 906 Balach:
480 871 635 914 ‚,veni,⁴)
660 881 692 905 et
715 873 761 906 do
779 871 841 905 tibi
864 871 1084 905 consilium:“
1108 879 1139 902 et
1156 870 1219 902 do—

89 937 186 969 cebat
215 948 311 975 eum,
349 934 525 979 quomodo
557 932 703 967 mitteret
736 932 934 966 scandalum
964 933 1000 965 in
1035 939 1220 975 conspectu

89 996 238 1030 filiorum
262 997 385 1035 Israel,
419 1004 456 1028 ut
485 996 731 1028 manducarent
758 993 861 1028 idolis
891 994 1084 1033 immolata,
1121 1002 1153 1025 et
1182 1001 1220 1024 ut

89 1058 347 1092 fornicarentur.
393 1057 541 1101 Propter
565 1058 659 1100 quod
683 1066 715 1089 et
740 1055 859 1089 cecidit
882 1056 1042 1101 populus,
1068 1064 1098 1086 et
1121 1054 1219 1098 plaga

89 1132 210 1162 magna
233 1120 319 1151 facta
351 1127 398 1151 est
421 1118 456 1151 in
482 1131 540 1158 e0,
577 1119 687 1151 donec
720 1117 840 1150 Finees
876 1125 1031 1162 peremto
1064 1115 1220 1154 Israelita,

91 1180 149 1225 qui
172 1180 406 1214 fornicabatur
438 1193 514 1212 cum
539 1178 782 1219 Madianitide‚
811 1179 937 1212 sedavit
967 1179 1117 1210 furorem
1144 1177 1219 1209 Do-

89 1241 182 1275 mini.
228 1241 272 1273 Et
295 1249 372 1285 post
398 1241 498 1280 haec,
534 1240 660 1284 inquit,
694 1240 857 1284 produxit
888 1238 1008 1272 Finees
1039 1238 1220 1272 exercitum

89 1312 209 1336 contra
232 1302 452 1341 Madianitas,
469 1297 510 1334 ‘et
530 1301 771 1334 interfecerunt
795 1301 976 1334 duodecim
1002 1300 1106 1333 millia
1131 1300 1221 1332 viro-

88 1377 175 1402 rum,
201 1372 232 1396 et
254 1362 395 1396 Balaam
419 1363 527 1395 filium
550 1362 645 1396 Beor
667 1361 702 1394 in
725 1361 896 1405 gladio.⁵)
937 1362 1005 1395 Sed
1031 1361 1113 1405 et5)
1137 1362 1220 1394 haec

89 1434 166 1458 ante
194 1433 327 1468 tempus
361 1437 423 1468 per
461 1436 628 1457 excessum
670 1423 842 1468 quendam
864 1414 1145 1462 introduximus,
1183 1431 1221 1455 ut

88 1486 352 1524 ostenderemus,
377 1484 456 1530 quia
470 1484 610 1518 Balaam
634 1497 705 1517 non
728 1484 763 1517 in
782 1484 896 1523 corde,
920 1485 978 1518 sed
1002 1485 1039 1517 in
1064 1497 1123 1517 ore
1145 1493 1219 1516 tan-

89 1548 268 1580 tummodo
294 1546 414 1580 habuit
436 1547 577 1579 verbum
599 1540 674 1580 Dei.
708 1545 847 1578 Interim
866 1558 952 1590 quae
966 1548 1109 1590 profert,
1134 1558 1219 1590 quae

90 1608 259 1653 loquitur,
292 1621 330 1640 ex
361 1608 464 1641 verbo
497 1607 564 1640 Dei
593 1607 813 1652 loquitur,⁷)
844 1616 877 1639 et
907 1607 984 1641 ideo
1019 1620 1106 1652 quae
1130 1607 1219 1646 dicit,

89 1672 230 1703 verbum
254 1668 321 1701 Dei
345 1678 399 1702 est.

187 1852 220 1896 ¹)
246 1851 333 1885 Cod.
370 1850 585 1897 Corbejensis
612 1853 746 1898 (itemq.
778 1854 853 1887 edd.
888 1854 973 1897 M.):
1008 1855 1219 1893 „exacuere.“

91 1897 201 1931 Alias:
226 1898 461 1936 ‚,exercuerit.“
485 1898 524 1930 R.
774 1927 787 1932 ,

183 1959 219 2003 ²)
245 1958 331 1991 Cod.
343 1957 573 2004 Corbejensis:
590 1958 843 1999 ,‚interficeret,“
889 1958 978 1991 Alias
998 1959 1045 2003 (e.
1060 1971 1086 1992 c.
1097 1959 1132 1991 in
1142 1959 1217 1991 edd.

36 2045 39 2047 .
91 2003 177 2048 ΜΛ)
200 2003 429 2044 „interficiat.¹‘
455 2005 493 2036 R.

183 2060 220 2102 3>
243 2059 333 2093 Edd.
358 2059 513 2092 Merlini:
538 2059 651 2103 possit.
745 2058 782 2103 ⁴)
805 2060 907 2099 Num.
932 2059 1060 2100 XXIV,
1083 2059 1134 2093 14.

183 2116 218 2159 ²)
245 2115 313 2150 Cfr.
337 2116 440 2149 Num.
463 2115 595 2154 XXXI,
617 2115 649 2149 8.
759 2120 771 2127 ‘

181 2171 219 2215 ⁶)
242 2172 346 2205 Deest
368 2176 441 2212 „et“
462 2172 498 2204 iu
522 2172 598 2204 edd.
630 2170 678 2203 M.

183 2228 220 2271 ⁷)
243 2228 333 2261 Edd.
357 2227 513 2260 Merlini:
537 2226 699 2272 loquitur,
721 2226 869 2271 ideoque
887 2225 978 2266 dicit,
996 2225 1137 2258 verbum
1159 2232 1220 2256 etc.
