1427 2460
211 98 280 134 294
691 98 872 134 Omams

214 187 329 232 generi
364 188 460 234 quasi
495 187 572 231 agni
608 189 718 223 hostia
755 189 973 223 immaculata
1009 199 1042 223 et
1071 190 1255 231 innocens,
1290 205 1356 237 qua

215 249 345 296 placari
371 249 570 284 hominibus
595 250 708 284 divina
734 253 929 286 creduntur.
979 251 1035 286 Sic
1060 263 1140 293 ergo
1164 253 1312 287 fortassis
1326 263 1360 287 et

215 313 243 347 si
278 311 352 358 quis
388 322 436 347 est
470 312 690 355 angelorum,
724 312 990 359 coelestiumque
1021 313 1202 356 virtutum,
1237 316 1359 350 aut=si

218 373 293 419 quis
322 372 493 419 justorum
519 373 719 414 hominum,
749 374 802 408 vel
827 375 926 408 etiam
951 385 1148 409 sanctorum
1172 377 1360 422 propheta·

217 449 316 476 rum,
352 444 456 481 atque
491 437 760 481 Apostolorum,
801 435 859 481 qui
899 437 1026 471 enixius
1059 438 1261 472 interveniat
1293 452 1359 483 pro

217 496 363 542 peccatis
387 497 589 531 hominum:
623 497 679 531 hic
710 512 774 542 pro
801 498 1084 544 repropitiatione
1108 499 1237 540 divina,
1269 500 1362 533 velut

220 558 323 599 aries,
352 569 411 592 aut
433 558 572 599 vitulus,
607 568 667 592 aut
697 559 830 600 hircus,
861 561 994 595 oblatus
1019 574 1088 595 esse
1112 561 1149 595 in
1170 561 1205 606 ¹)
1229 561 1360 596 sacrifi—

222 620 313 654 cium
347 622 393 654 ob
424 620 699 666 purificationem
724 624 863 668 ‚populo
887 623 1139 669 impetrandam
1165 623 1272 669 accipi
1295 637 1361 669 po-

219 692 293 717 test.
339 684 395 716 An
424 696 498 716 non
522 682 655 717 videtur
684 693 721 717 ut
749 685 854 726 aries,
890 695 948 719 aut
978 686 1090 720 hircus
1121 686 1363 719 holocaustum

220 759 256 779 se
291 745 453 779 obtulisse
489 745 617 779 Paulus
654 758 719 790 pro
758 747 892 792 populo
928 747 1047 788 Israel,
1093 760 1172 780 cum
1208 746 1364 780 dicebat:

220 807 416 852 „optabam
430 806 468 852 ²)
504 816 616 840 autern
659 820 720 849 ego
756 807 830 854 ipse
864 810 1043 843 anathema
1075 822 1144 844 esse
1175 822 1193 842 a
1226 807 1362 842 Christo

220 882 286 914 pro
317 869 477 903 fratribus
501 868 602 909 meis,
638 870 696 915 qui
719 880 799 904 sunt
824 874 958 914 cognati
983 872 1050 906 mei
1073 871 1262 906 secundum
1287 883 1364 904 car-

222 930 360 965 nem?“
394 931 453 965 Vis
477 940 590 964 autem
615 932 718 972 scire,
755 932 833 978 quia
856 946 891 966 se
917 932 1064 966 hostiam
1088 932 1216 966 Paulus
1241 932 1366 966 offerat

223 991 475 1037 jugulandum?
536 993 628 1026 Audi
676 1007 753 1027 eum
797 994 833 1027 in
877 994 950 1028 aliis
988 994 1174 1028 dicentem:
1213 992 1310 1040 „jam
1327 993 1364 1038 3)

225 1054 316 1087 enim
334 1067 395 1097 ego
416 1054 592 1095 immolor,
616 1065 647 1088 ct
667 1065 800 1101 tempus
816 1056 1064 1097 resolutionis“‚
1088 1057 1140 1089 vel
1155 1076 1196 1082 --
1214 1065 1252 1089 ut
1268 1055 1306 1100 4)
1328 1054 1366 1088 in

224 1115 351 1158 graecis
376 1114 564 1150 Codicibus
594 1117 737 1160 legimus
768 1136 812 1142 —
843 1117 1074 1158 „reversionis
1105 1130 1202 1151 meae
1230 1117 1365 1152 instat.“

226 1177 284 1211 Sic
315 1190 395 1220 ergo
420 1177 607 1220 figuraliter
629 1187 742 1224 potest
764 1179 890 1221 videri,
925 1181 1021 1225 quod
1045 1179 1130 1219 alius
1154 1192 1219 1225 pro
1242 1178 1366 1213 festivi-

224 1248 292 1273 tate
315 1253 506 1281 novorum,
539 1239 623 1276 alius
647 1255 713 1287 pro
737 1240 912 1276 festivitate
935 1243 1083 1284 sabbati,
1117 1242 1202 1276 alius
1225 1254 1291 1287 pro
1315 1242 1366 1274 fe-

226 1300 369 1336 stivitate
403 1302 726 1344 tabernaculorum,
748 1304 857 1349 [quasi
887 1304 1018 1346 hircus,
1052 1314 1110 1339 aut
1134 1304 1276 1344 vitulus,
1310 1312 1368 1337 aut

226 1363 311 1398 aries
335 1364 502 1398 offeratur
525 1366 569 1398 ad
593 1364 888 1399 reconciliandum
912 1366 1110 1400 hominihus
1132 1366 1259 1400 Deum.
1289 1366 1367 1400 Do-

225 1438 291 1459 nec
315 1425 405 1460 enim
430 1435 508 1459 sunt
530 1435 688 1472 peccata,
713 1440 848 1461 necesse
870 1436 919 1461 est
941 1427 1069 1472 requiri
1096 1436 1129 1461 et
1151 1428 1276 1463 hostias
1299 1442 1365 1474 pro

225 1488 379 1533 peccatis.
427 1488 516 1521 Nam
539 1501 650 1533 pone,
679 1488 773 1522 verbi
796 1488 918 1532 gratia,
947 1503 1020 1523 non
1044 1489 1146 1524 fuisse
1168 1500 1367 1535 peccatum:

226 1549 254 1584 si
284 1562 356 1583 non
388 1550 503 1584 fuisset
532 1559 728 1595 peccatum,
758 1563 831 1584 non
862 1564 998 1585 necesse
1030 1553 1140 1586 fuerat
1163 1553 1273 1587 filium
1299 1553 1367 1588 Dei

227 1623 353 1654 agnum
385 1610 477 1652 fieri,
506 1624 570 1644 nec
604 1625 691 1657 opus
715 1613 825 1645 fuerat
849 1625 926 1646 eum
952 1613 986 1646 in
1013 1627 1115 1647 carne
1138 1615 1286 1660 positum
1311 1615 1366 1660 ju·

226 1673 352 1716 gulari,
380 1674 440 1707 sed
472 1673 647 1707 mansisset
670 1674 754 1714 hoc,
791 1675 885 1719 quod
909 1675 945 1708 in
969 1674 1141 1722 principio
1167 1687 1239 1711 erat
1261 1679 1368 1722 Deus,

227 1736 401 1769 Verbum:
425 1749 540 1769 verum
567 1735 731 1780 quoniam
754 1735 886 1769 introiit
909 1746 1089 1781 peccatum
1106 1737 1142 1772 in
1159 1739 1250 1773 hunc
1265 1754 1368 1775 mun-

227 1797 321 1838 dum,
345 1797 477 1842 peccati
501 1806 614 1831 autem
638 1797 816 1831 necessitas
840 1798 1123 1843 propitiationem
1147 1802 1306 1846 requirit,
1337 1813 1370 1837 et

225 1859 426 1904 propitiatio
462 1872 537 1893 non
571 1860 609 1893 fit
644 1858 708 1893 nisi
746 1872 810 1904 per
844 1860 1007 1901 hostiam,
1041 1854 1268 1898 necessarium
1304 1866 1369 1899 fuit

226 1921 403 1966 provideri
428 1920 574 1955 hostiam
594 1935 658 1967 pro
677 1931 828 1966 peccato.
875 1921 921 1955 Et
939 1923 1102 1968 quoniam
1121 1925 1250 1970 peccati
1263 1925 1367 1971 ipsius

229 1984 377 2017 diversae
408 1993 440 2016 et
468 1983 580 2016 variae
614 1982 790 2028 qualitates
815 1985 970 2026 fuerunt,
1001 1985 1211 2020 diversorum
1236 1987 1366 2023 anima-

323 2117 359 2161 ¹)
384 2117 491 2151 Deest
513 2117 606 2158 „in“
630 2118 665 2152 in
691 2119 766 2153 edd.
792 2119 841 2152 M.
939 2119 977 2164 ²)
1002 2119 1100 2155 Rom.
1125 2120 1188 2163 IX,
1209 2122 1241 2156 3.

321 2171 359 2216 ³)
382 2173 416 2205 II
437 2173 526 2207 Tim.
549 2174 609 2215 IV,
632 2176 663 2210 6.

321 2227 604 2307 ⁴)RParenthesin
636 2231 724 2265 hanc
756 2232 798 2265 de
830 2245 892 2266 suo
927 2232 1058 2266 addidit
1081 2232 1246 2279 interpres
1270 2233 1366 2268 Rufi-

228 2286 301 2307 nus.
381 2300 388 2307 .
