1427 2460
33 0 36 27 Ι

22 43 36 82 s
350 46 397 96 m*
412 63 591 97 Nummos
617 61 773 94 ΗοΜιιιΑ
795 61 918 94 xvln.
1132 62 1200 97 219

21 109 33 123 'C

14 145 32 216 :q
72 154 230 193 mutatio,
260 165 322 186 nee
346 150 616 184 commutationis
641 151 773 183 umbra.
821 150 864 183 Et
888 152 966 184 ideo
993 164 1062 184 non
1087 161 1199 196 potest

13 227 29 255 με
68 216 225 248 sacerdos
248 213 403 246 mercede
426 211 564 250 mutari,
596 211 656 244 ubi
680 211 773 244 Deus
796 213 994 245 muneribus
1024 226 1096 246 non
1120 226 1197 246 mo-

18 258 29 312 ⁴
71 285 171 310 vetur.
218 275 429 308 Discessurus
453 283 565 306 tamen
591 272 730 306 Balaam
757 273 877 319 incipit
899 274 1020 307 iterum
1044 274 1198 318 prophe—

69 347 159 376 tare,
188 346 219 369 et
242 334 337 368 dicit:
385 335 496 376 „veni‚
515 335 550 379 ¹)
582 334 761 368 consilium
796 336 841 368 do
874 334 951 374 tibi,
985 334 1067 379 quid
1097 335 1199 368 faciet

6 346 17 490 l.
68 398 214 443 populus
238 396 292 429 hic
315 397 446 440 populo
471 406 533 429 tuo
559 396 594 429 in
612 395 799 429 novissimis
823 395 950 429 diebus.
982 399 1026 429 Et
1051 406 1197 429 assumta

40 495 43 496 ⁷
69 457 230 503 parabola
255 470 311 490 sua
338 457 415 490 ait.“
461 457 528 490 Sed
552 457 748 501 priusquam
774 458 814 490 ad
842 457 1112 501 explanationem
1138 469 1198 489 eo-

67 532 158 558 rum,
192 531 277 563 quae
307 519 509 563 prophetata
540 527 633 557 sunt,
663 519 853 558 veniamus,
882 517 981 551 velim
1013 518 1198 562 requirere,

67 579 140 623 quis
165 579 224 612 iste
247 593 360 613 sensus
384 580 435 619 sit,
457 580 509 612 vel
521 579 557 624 ²)
585 579 657 624 quis
682 581 769 612 ordo
794 580 988 618 verborum,
1013 579 1109 624 quod
1134 579 1197 612 ait:

65 640 228 684 ,‚veni‚³)
253 651 284 674 et
308 641 485 674 consilium
512 642 556 673 do
581 642 675 674 tibi.¹‘
720 641 764 674 Et
787 641 918 674 consilii
950 641 1088 685 quidem
1111 639 1196 673 nihil

67 703 147 735 dare
170 702 319 743 videtur,
349 703 406 735 sed
437 703 499 735 ait:
537 702 640 746 „quid
657 701 693 746 ⁴)
723 703 870 734 facturus
898 702 939 734 sit
968 701 1117 745 populus
1140 701 1197 734 hie

65 764 198 806 popu10
221 772 281 796 tuo
305 763 341 795 in
364 762 550 795 novissimis
570 762 737 795 diebus:“
761 776 837 795 cum
855 763 972 807 utique
991 762 1197 795 convenien-

65 824 131 855 tius
157 824 283 856 dictum
301 825 480 864 videretur,
505 824 531 856 si
552 825 694 856 dIceret:
718 824 804 863 veni,
826 825 997 869 propheto
1021 823 1092 862 tibi,
1114 822 1197 868 quid

66 885 214 918 facturus
238 885 278 918 sit
300 886 450 930 populus
474 884 527 917 hic
552 885 684 929 populo
709 894 769 918 tuo
785 885 820 929 ⁵)
851 885 884 918 in
909 885 1099 918 novissimis
1122 884 1196 917 die-

65 946 146 989 bus:
183 955 215 978 et
244 955 328 980 esset
358 947 474 991 utique
505 947 763 991 consequentia,
794 956 831 978 ut
860 946 1031 979 videretur
1053 947 1195 980 Balaam

65 1007 272 1051 prophetare
296 1009 338 1040 de
361 1008 418 1047 iis,
442 1020 529 1051 quae
552 1009 701 1051 populus
726 1007 824 1040 Israel
848 1009 998 1041 facturus
1024 1017 1106 1041 esset
1127 1021 1195 1052 po-

65 1069 148 1112 pulo
172 1067 318 1107 Balach,
349 1069 400 1101 vel
425 1068 540 1101 ceteris
565 1069 735 1113 gentibus:
769 1078 800 1102 et
824 1070 918 1113 quod
943 1069 977 1101 in
1000 1071 1121 1102 virtute
1144 1070 1196 1102 fa-

67 1128 132 1161 ciet
155 1129 218 1167 ita,
251 1139 287 1162 ut
311 1143 383 1162 non
415 1129 584 1173 relinquat
612 1143 650 1162 ex
674 1129 815 1163 urbibus
841 1130 947 1162 Moab
979 1129 1106 1170 ullum,
1137 1129 1197 1175 qui

66 1190 173 1223 salvus
198 1191 264 1224 fiat.

155 1253 186 1285 2.
223 1252 291 1285 Sed
322 1260 354 1284 et
386 1251 564 1296 prophetia
588 1251 827 1292 nihilominus,
861 1265 960 1295 quarn
989 1253 1031 1285 de
1059 1251 1195 1286 Christo

66 1310 239 1357 conjungit
261 1313 296 1345 in
317 1313 617 1356 consequentibus,
641 1322 672 1345 et
697 1313 792 1346 dicit:
815 1311 1014 1356 „orietur⁶)
1036 1314 1132 1347 stella
1157 1328 1195 1347 ex

65 1374 193 1413 Jacob,
226 1382 259 1406 ct
283 1382 432 1415 exsurget
463 1373 569 1406 homo
596 1386 633 1406 ex
657 1374 772 1413 lsrael,
805 1383 836 1406 et
859 1374 1000 1406 vastabit
1023 1374 1195 1420 principes

64 1435 218 1468 Moab:“
250 1436 491 1468 convenienter
512 1435 619 1479 posita
644 1435 830 1474 videretur,
856 1436 882 1468 si
905 1435 1068 1479 scriptum
1094 1446 1195 1471 esset:

65 1497 156 1537 veni,
193 1506 225 1530 et
253 1496 426 1542 propheto
460 1496 528 1528 tibi.
581 1496 682 1529 Nunc
713 1505 825 1529 autem
857 1497 939 1541 quid
969 1496 1120 1531 dicemus
1151 1499 1194 1531 ad

65 1558 149 1598 hoc,
173 1559 267 1603 quod
282 1558 443 1602 scripturn
468 1567 529 1590 est:
553 1557 718 1601 ‚,veni,⁷)
744 1557 924 1590 consilium
945 1558 1006 1591 tibi
1030 1560 1087 1598 do,
1111 1560 1195 1604 quid

66 1618 165 1652 saciet
187 1620 335 1663 populus
360 1618 414 1651 hic
442 1620 573 1663 populo
599 1619 710 1652 tuo?‘⁸
742 1620 968 1664 Requiramus
993 1633 1083 1662 ergo,
1107 1634 1195 1665 quo-

67 1680 174 1713 modo
199 1679 339 1722 intelligi
362 1681 502 1718 debeat,
532 1680 626 1724 quod
649 1680 813 1724 scripturn
838 1691 900 1714 est:
935 1681 1141 1720 „consilium
1156 1681 1193 1726 Β)

67 1740 128 1773 tibi
160 1742 252 1774 do:“
288 1743 330 1774 de
362 1755 430 1786 quo
462 1755 562 1786 saepe
591 1744 681 1786 apud
713 1752 839 1775 memet
867 1742 976 1787 ipsum
1008 1743 1195 1787 requirens,

66 1802 198 1834 nullum
224 1803 321 1846 potui
344 1803 466 1836 exitum
490 1803 640 1836 invenire
662 1803 855 1843 sententiae,
879 1803 905 1836 si
921 1804 999 1842 hoc,
1021 1805 1116 1848 quod
1133 1804 1193 1838 ait:

161 1960 197 2004 ¹)
219 1961 320 1995 Num.
343 1963 471 2003 XXIV,
495 1964 548 1997 14.
574 1966 626 1998 15.
653 1983 692 1989 —-·
717 1964 806 1996 Edd.
832 1964 983 1996 Merlini:
1018 1965 1127 1998 saciat.

160 2017 197 2061 2)
220 2018 259 2050 In
284 2020 336 2051 ed.
362 2019 468 2051 Ruaei
493 2020 585 2052 deest
608 2020 712 2060 „vel.“
1088 2043 1089 2047 =

159 2073 196 2116 ³)
220 2075 322 2107 Num.
347 2075 475 2115 XXIV,
500 2078 551 2111 14.
691 2075 726 2118 ⁴²)
752 2076 853 2108 Num·
877 2075 1005 2116 XXIV,
1030 2076 1081 2112 14.

160 2130 195 2170 ⁵)
221 2130 325 2163 Deest
348 2136 449 2170 „tuo“
473 2131 507 2163 in
528 2133 604 2165 edd.
632 2133 678 2165 M.

159 2185 195 2228 ⁶)
221 2187 320 2219 Num.
344 2186 472 2227 XXIV,
496 2188 548 2221 17.
689 2188 725 2232 ⁷)
749 2189 849 2221 Num.
874 2186 1002 2228 XXIV,
1027 2189 1079 2222 14.

160 2242 197 2284 ²³)
221 2243 322 2276 Num.
349 2243 475 2283 xxm,
503 2245 553 2278 14.
