1427 2460
13 63 17 110 ἷ
315 81 353 105 m
376 72 556 105 Nummos
580 69 740 104 Humum
761 70 871 104 Xxn.
1093 74 1156 109 271

28 161 91 207 ipsi
123 160 284 206 pepercit.
336 160 381 193 Et
410 160 509 201 ideo,
544 160 689 205 opinor,
721 160 875 200 dicebat,
907 161 986 206 quia
1017 174 1157 207 „pecca-

31 232 103 257 tum
119 223 154 268 ¹)
177 221 327 256 introivit
350 222 384 255 in
410 222 502 255 hunc
525 222 704 262 mundum,
728 231 761 255 et
782 235 844 267 per
866 231 1044 266 peccatum
1058 236 1162 262 mors,

30 286 65 319 in
98 298 167 331 quo
199 297 316 318 omnes
346 287 606 329 peccaverunt.“
660 283 706 316 Et
735 283 874 316 iterum:
909 284 1104 324 „conclusit
1123 283 1161 325 ²)

31 348 126 381 Deus
148 358 266 380 omnes
287 346 352 379 sub
375 355 534 391 peccato,
567 354 605 379 ut
634 345 793 379 omnihus
816 346 1046 380 misereatur.“
1092 346 1161 379 Sed

31 410 148 452 gratias
171 407 325 442 Domino
347 406 428 441 Jesu
447 406 595 447 Christo,
618 407 677 452 qui
700 420 765 440 nos
782 407 935 440 liberavit
954 408 996 440 de
1014 421 1161 452 corpore

30 469 148 505 mortis
170 468 289 516 hujus,
320 478 375 509 ut,
399 470 460 501 ubi
483 468 716 512 abundavit3)
738 478 927 514 peccatum,
949 469 1161 513 superabun-

29 533 123 567 daret
155 530 269 574 gratia.
327 531 417 564 Nam
451 531 564 564 Moses
608 533 786 575 quomodo
833 532 979 576 aliquem
1019 531 1162 565 liberare

28 592 193 638 potuisset
216 606 235 626 a
257 592 419 638 peccatis,
450 606 528 626 cum
558 593 660 626 etiam
684 593 748 638 ipsi
771 595 919 633 dicatur,
952 593 1030 637 quia
1052 602 1161 625 trans-

29 655 129 696 gressi
161 653 236 688 estis
265 655 407 687 verbum
441 667 555 687 meum
586 654 622 687 in
653 656 785 689 deserto
824 655 903 694 Sin,
942 663 974 687 et
1005 667 1075 686 non
1108 666 1164 687 me

29 717 256 750 sanctificastis
280 716 364 759 in4)
388 730 475 762 aqua
501 730 616 750 coram
641 716 717 750 filiis
734 714 861 750 Israel?
885 725 922 748 ut
946 715 1162 748 manifestum

29 777 70 811 sit
103 778 280 818 omnibus,
317 779 411 823 quod
441 778 498 811 illc
529 779 651 812 debeat
678 779 770 812 solus
801 777 946 822 requiri,
984 776 1043 822 qui
1073 778 1165 811 solus

29 849 207 884 peccatum
231 852 302 872 non
326 839 413 879 fecit,
435 853 500 873 nec
522 840 676 873 inventus
701 849 747 873 cst
770 840 869 873 dolus
893 838 929 872 in
954 852 1014 871 ore
1038 837 1118 883 ejus.

118 904 150 935 4.
197 901 266 935 Sed
289 901 424 935 interim
448 901 622 935 videamus
645 901 752 935 Mosis
767 900 1065 944 magnificentiam.
1098 899 1165 933 Re-

30 975 181 997 cessurus
205 965 248 996 de
269 963 406 996 saeculo
432 972 506 996 orat
529 963 664 1004 Deum,
693 973 731 996 ut
753 962 932 1008 provideat
955 963 1078 995 ducem
1102 975 1165 1007 ΡΟτ

31 1026 126 1069 pulo.
174 1024 270 1069 Quid
290 1025 326 1068 ⁵)
350 1023 435 1067 agis,
467 1039 487 1058 o
513 1024 651 1059 Moses?
699 1025 791 1057 Num
822 1024 905 1069 quid
927 1023 988 1057 filii
1010 1024 1072 1057 tibi
1095 1037 1167 1057 non

32 1095 120 1127 sunt,
141 1086 289 1120 Gersum
301 1086 339 1130 ⁶)
354 1096 386 1119 et
400 1086 556 1121 Eliezer?
595 1088 665 1120 Aut
678 1086 705 1119 si
720 1085 849 1130 aliquid
868 1086 910 1118 de
927 1084 1005 1130 ipsis
1025 1085 1167 1123 dubitas,

33 1160 108 1180 non
136 1157 214 1181 sunt
238 1148 299 1181 filii
330 1149 441 1181 fratris
477 1147 591 1190 magni
624 1156 656 1180 et
688 1146 808 1190 egregii
840 1145 927 1179 viri?
975 1146 1166 1190 Quomodo

33 1221 105 1242 non
130 1222 207 1242 oras
229 1209 345 1243 Deum
368 1222 433 1254 pro
458 1209 548 1254 ipsis,
572 1219 607 1243 ut
622 1221 679 1242 eos
696 1210 875 1242 constituat
887 1208 1020 1253 populo
1043 1206 1167 1241 duces?

35 1270 106 1304 Sed
136 1270 269 1304 discant
300 1271 518 1304 ecclesiarum
547 1270 734 1315 principes,
767 1282 975 1319 successores
1003 1269 1068 1302 sibi
1096 1282 1168 1301 non

35 1344 105 1372 eos,
129 1331 189 1377 qui
213 1331 501 1374 consanguinitate
524 1331 654 1374 generis
674 1330 780 1376 juncti
796 1340 883 1370 sunt,
906 1343 969 1364 nec
987 1330 1045 1375 qui
1061 1330 1168 1363 carnis

33 1391 289 1438 propinquitate
311 1393 502 1434 sociantur,
522 1401 723 1427 testamento
746 1391 894 1433 signare,
917 1405 1029 1436 neque
1052 1392 1168 1425 haere-

33 1453 197 1487 ditarium
225 1454 359 1488 tradere
398 1454 559 1489 ecclesiae
590 1454 840 1500 principatum,
877 1454 937 1487 sed
969 1454 1095 1487 referre
1126 1454 1167 1486 ad

34 1514 199 1560 judicium
223 1516 302 1556 Dei,
325 1525 357 1550 et
378 1529 452 1550 non
475 1515 598 1558 eligere
621 1516 729 1557 illum,
753 1529 854 1561 quem
880 1516 1048 1548 humanus
1073 1528 1168 1548 com-

35 1577 176 1611 mendat
210 1578 370 1618 affectus,
398 1579 458 1612 sed
488 1577 556 1611 Dei
584 1577 714 1624 judicio
752 1587 863 1611 totum
895 1578 938 1611 de
970 1576 1170 1610 successoris

38 1638 203 1672 electione
225 1640 430 1684 permittere.
477 1640 569 1675 Num
585 1639 667 1684 quid
683 1652 756 1675 non
770 1648 904 1684 poterat
918 1638 1034 1673 Moses
1050 1636 1171 1679 eligere

136 1825 171 1871 ¹)
194 1826 297 1861 Rom.
323 1828 362 1868 V,
385 1829 438 1865 12.

133 1883 171 1927 ²)
196 1883 298 1918 Rom.
321 1884 383 1925 XI,
405 1886 460 1920 32.

132 1938 171 1983 ³)
194 1940 294 1975 Rom.
318 1941 360 1981 V,
383 1942 439 1977 20.

134 1993 171 2038 ⁴)
194 1996 282 2029 Edd.
314 1996 469 2032 Merlini:
501 1997 536 2031 in
570 2009 691 2042 aquam
725 2008 841 2029 coram
872 1993 947 2027 filiis
980 1992 1096 2027 Israel:
1136 2004 1172 2027 ut

40 2037 255 2074 manifestum
278 2041 320 2075 sit
343 2050 406 2075 etc.

135 2094 172 2139 ⁵)
193 2095 284 2131 Edd.
307 2097 465 2132 Merlini:
489 2097 585 2142 Quid
607 2097 674 2139 agis
696 2095 840 2130 Moses?

135 2150 174 2195 ⁶)
196 2151 303 2186 Recte
317 2153 399 2188 Mss.
415 2155 543 2188 habent
565 2153 735 2196 „Gersum
758 2162 791 2187 et
801 2151 964 2192 EIiezer,“
986 2151 1075 2185 male
1092 2163 1170 2185 vero

45 2193 124 2228 libri
153 2206 251 2231 antea
281 2198 363 2232 editi
393 2200 442 2245 (v.
475 2214 501 2233 c.
533 2200 609 2234 edd.
633 2200 721 2243 M.)
754 2198 922 2240 „Gersum
946 2206 979 2231 et
1001 2197 1171 2232 Eleazar.“

46 2238 132 2274 Vide
152 2241 264 2279 Exod.
286 2244 329 2284 ΙΙ,
351 2246 405 2280 22.
431 2254 463 2278 et
486 2245 594 2280 Exod.
615 2245 744 2290 XVIII,
766 2245 797 2279 3.
821 2244 852 2278 4.
878 2243 917 2275 R.
