<?xml version="1.0" encoding="UTF-8"?>
<!DOCTYPE html PUBLIC "-//W3C//DTD XHTML 1.0 Transitional//EN"
    "http://www.w3.org/TR/xhtml1/DTD/xhtml1-transitional.dtd">
<html xmlns="http://www.w3.org/1999/xhtml" xml:lang="en" lang="en">
 <head>
  <title>
</title>
<meta http-equiv="Content-Type" content="text/html;charset=utf-8" />
  <meta name='ocr-system' content='tesseract 3.04.00' />
  <meta name='ocr-capabilities' content='ocr_page ocr_carea ocr_par ocr_line ocrx_word'/>
</head>
<body>
  <div class='ocr_page' id='page_1' title='image "./operaomniaquaegr10orig/operaomniaquaegr10orig_0114.png"; bbox 0 0 1427 2460; ppageno 0'>
   <div class='ocr_carea' id='block_1_1' title="bbox 230 100 890 138">
    <p class='ocr_par' dir='ltr' id='par_1_1' title="bbox 230 100 890 138">
     <span class='ocr_line' id='line_1_1' title="bbox 230 100 890 138; baseline -0.02 7"><span class='ocrx_word' id='word_1_1' title='bbox 230 104 275 138; x_wconf 74' lang='lat'><strong>92</strong></span> <span class='ocrx_word' id='word_1_2' title='bbox 713 100 890 135; x_wconf 72' lang='lat' dir='ltr'><strong>Omonms</strong></span> 
     </span>
    </p>
   </div>
   <div class='ocr_carea' id='block_1_2' title="bbox 230 186 1419 234">
    <p class='ocr_par' dir='ltr' id='par_1_2' title="bbox 230 186 1419 234">
     <span class='ocr_line' id='line_1_2' title="bbox 230 186 1419 234; baseline -0.007 -7"><span class='ocrx_word' id='word_1_3' title='bbox 230 194 362 227; x_wconf 87' lang='lat' dir='ltr'><strong>ssorem.</strong></span> <span class='ocrx_word' id='word_1_4' title='bbox 418 192 612 226; x_wconf 77' lang='lat' dir='ltr'><strong>Adscendet</strong></span> <span class='ocrx_word' id='word_1_5' title='bbox 635 200 763 232; x_wconf 85' lang='lat' dir='ltr'><strong>autem,</strong></span> <span class='ocrx_word' id='word_1_6' title='bbox 795 202 902 234; x_wconf 87' lang='lat' dir='ltr'><strong>usque</strong></span> <span class='ocrx_word' id='word_1_7' title='bbox 935 201 1002 233; x_wconf 85' lang='lat' dir='ltr'><strong>quo</strong></span> <span class='ocrx_word' id='word_1_8' title='bbox 1037 188 1156 221; x_wconf 83' lang='lat' dir='ltr'><strong>afferat</strong></span> <span class='ocrx_word' id='word_1_9' title='bbox 1185 186 1363 230; x_wconf 77' lang='lat' dir='ltr'><strong>sructus¹)</strong></span> <span class='ocrx_word' id='word_1_10' title='bbox 1412 192 1419 214; x_wconf 58' lang='grc' dir='ltr'>ἰ</span> 
     </span>
    </p>
   </div>
   <div class='ocr_carea' id='block_1_3' title="bbox 229 247 1363 300">
    <p class='ocr_par' dir='ltr' id='par_1_3' title="bbox 229 247 1363 300">
     <span class='ocr_line' id='line_1_3' title="bbox 229 247 1363 300; baseline -0.007 -12"><span class='ocrx_word' id='word_1_11' title='bbox 229 255 376 300; x_wconf 80' lang='lat' dir='ltr'><strong>spiritus,</strong></span> <span class='ocrx_word' id='word_1_12' title='bbox 401 254 457 298; x_wconf 89' lang='lat' dir='ltr'><strong>qui</strong></span> <span class='ocrx_word' id='word_1_13' title='bbox 483 262 561 287; x_wconf 84' lang='lat' dir='ltr'><strong>sunt</strong></span> <span class='ocrx_word' id='word_1_14' title='bbox 584 253 713 292; x_wconf 79' lang='lat' dir='ltr'><strong>caritas,</strong></span> <span class='ocrx_word' id='word_1_15' title='bbox 737 251 907 295; x_wconf 78' lang='lat' dir='ltr'><strong>gaudium,</strong></span> <span class='ocrx_word' id='word_1_16' title='bbox 931 264 1006 295; x_wconf 83' lang='lat' dir='ltr'><strong>pax,</strong></span> <span class='ocrx_word' id='word_1_17' title='bbox 1029 248 1208 295; x_wconf 80' lang='lat' dir='ltr'><strong>patientia,</strong></span> <span class='ocrx_word' id='word_1_18' title='bbox 1231 257 1264 281; x_wconf 84' lang='lat' dir='ltr'><strong>et</strong></span> <span class='ocrx_word' id='word_1_19' title='bbox 1285 247 1363 282; x_wconf 86' lang='lat' dir='ltr'><strong>reli-</strong></span> 
     </span>
    </p>
   </div>
   <div class='ocr_carea' id='block_1_4' title="bbox 231 310 1364 361">
    <p class='ocr_par' dir='ltr' id='par_1_4' title="bbox 231 310 1364 361">
     <span class='ocr_line' id='line_1_4' title="bbox 231 310 1364 361; baseline -0.005 -11"><span class='ocrx_word' id='word_1_20' title='bbox 231 330 318 361; x_wconf 82' lang='lat' dir='ltr'><strong>quae</strong></span> <span class='ocrx_word' id='word_1_21' title='bbox 341 315 476 349; x_wconf 85' lang='lat' dir='ltr'><strong>virtutes</strong></span> <span class='ocrx_word' id='word_1_22' title='bbox 498 315 541 348; x_wconf 80' lang='lat' dir='ltr'><strong>in&#39;</strong></span> <span class='ocrx_word' id='word_1_23' title='bbox 561 313 695 348; x_wconf 84' lang='lat' dir='ltr'><strong>Christo</strong></span> <span class='ocrx_word' id='word_1_24' title='bbox 721 315 801 347; x_wconf 81' lang='lat' dir='ltr'><strong>Jesu</strong></span> <span class='ocrx_word' id='word_1_25' title='bbox 815 312 970 346; x_wconf 86' lang='lat' dir='ltr'><strong>Domino</strong></span> <span class='ocrx_word' id='word_1_26' title='bbox 994 320 1125 353; x_wconf 87' lang='lat' dir='ltr'><strong>nostro,</strong></span> <span class='ocrx_word' id='word_1_27' title='bbox 1148 311 1204 345; x_wconf 89' lang='lat' dir='ltr'><strong>cui</strong></span> <span class='ocrx_word' id='word_1_28' title='bbox 1228 319 1276 344; x_wconf 82' lang='lat' dir='ltr'><strong>est</strong></span> <span class='ocrx_word' id='word_1_29' title='bbox 1299 310 1364 344; x_wconf 81' lang='lat' dir='ltr'><strong>ho-</strong></span> 
     </span>
    </p>
   </div>
   <div class='ocr_carea' id='block_1_5' title="bbox 229 373 1416 422">
    <p class='ocr_par' dir='ltr' id='par_1_5' title="bbox 229 373 1416 422">
     <span class='ocr_line' id='line_1_5' title="bbox 229 373 1416 422; baseline -0.004 -11"><span class='ocrx_word' id='word_1_30' title='bbox 229 392 306 417; x_wconf 89' lang='lat' dir='ltr'>nor,</span> <span class='ocrx_word' id='word_1_31' title='bbox 331 386 363 410; x_wconf 79' lang='lat' dir='ltr'><strong>et</strong></span> <span class='ocrx_word' id='word_1_32' title='bbox 385 377 503 419; x_wconf 82' lang='lat' dir='ltr'><strong>gloria,</strong></span> <span class='ocrx_word' id='word_1_33' title='bbox 527 386 559 410; x_wconf 85' lang='lat' dir='ltr'><strong>et</strong></span> <span class='ocrx_word' id='word_1_34' title='bbox 582 375 763 422; x_wconf 87' lang='lat' dir='ltr'><strong>imperium</strong></span> <span class='ocrx_word' id='word_1_35' title='bbox 786 376 822 409; x_wconf 89' lang='lat' dir='ltr'><strong>in</strong></span> <span class='ocrx_word' id='word_1_36' title='bbox 845 376 978 409; x_wconf 81' lang='lat' dir='ltr'><strong>saecula</strong></span> <span class='ocrx_word' id='word_1_37' title='bbox 995 375 1219 410; x_wconf 62' lang='lat' dir='ltr'><strong>saeculorum.</strong></span> <span class='ocrx_word' id='word_1_38' title='bbox 1244 373 1365 407; x_wconf 84' lang='lat' dir='ltr'><strong>Amen.</strong></span> <span class='ocrx_word' id='word_1_39' title='bbox 1414 382 1416 393; x_wconf 73' lang='grc'>’</span> 
     </span>
    </p>
   </div>
   <div class='ocr_carea' id='block_1_6' title="bbox 515 662 1074 735">
    <p class='ocr_par' dir='ltr' id='par_1_6' title="bbox 515 662 1074 735">
     <span class='ocr_line' id='line_1_6' title="bbox 515 662 1074 735; baseline -0.005 0"><span class='ocrx_word' id='word_1_40' title='bbox 515 693 946 735; x_wconf 88' lang='lat' dir='ltr'><strong>HOMILIA</strong></span> <span class='ocrx_word' id='word_1_41' title='bbox 1001 662 1074 733; x_wconf 28' lang='lat' dir='ltr'><strong>-X.</strong></span> 
     </span>
    </p>
   </div>
   <div class='ocr_carea' id='block_1_7' title="bbox 233 791 1361 900">
    <p class='ocr_par' dir='ltr' id='par_1_7' title="bbox 233 791 1361 900">
     <span class='ocr_line' id='line_1_7' title="bbox 233 791 1361 840; baseline -0.004 -14"><span class='ocrx_word' id='word_1_42' title='bbox 233 795 285 827; x_wconf 87' lang='lat' dir='ltr'><strong>De</strong></span> <span class='ocrx_word' id='word_1_43' title='bbox 311 808 362 834; x_wconf 81' lang='lat' dir='ltr'><strong>eo,</strong></span> <span class='ocrx_word' id='word_1_44' title='bbox 386 795 479 839; x_wconf 84' lang='lat' dir='ltr'><strong>quod</strong></span> <span class='ocrx_word' id='word_1_45' title='bbox 492 794 654 840; x_wconf 87' lang='lat' dir='ltr'><strong>scriptum</strong></span> <span class='ocrx_word' id='word_1_46' title='bbox 671 804 734 828; x_wconf 83' lang='lat' dir='ltr'><strong>est:</strong></span> <span class='ocrx_word' id='word_1_47' title='bbox 761 793 865 837; x_wconf 81' lang='lat' dir='ltr'><strong>„et²)</strong></span> <span class='ocrx_word' id='word_1_48' title='bbox 888 792 969 827; x_wconf 80' lang='lat' dir='ltr'><strong>dixit</strong></span> <span class='ocrx_word' id='word_1_49' title='bbox 984 792 1157 826; x_wconf 77' lang='lat' dir='ltr'>Dominus</span> <span class='ocrx_word' id='word_1_50' title='bbox 1170 792 1214 825; x_wconf 87' lang='lat' dir='ltr'><strong>ad</strong></span> <span class='ocrx_word' id='word_1_51' title='bbox 1231 791 1361 827; x_wconf 81' lang='lat' dir='ltr'>Aaron:</span> 
     </span>
     <span class='ocr_line' id='line_1_8' title="bbox 316 852 1277 900; baseline -0.003 -11"><span class='ocrx_word' id='word_1_52' title='bbox 316 866 352 889; x_wconf 76' lang='lat' dir='ltr'><strong>tu</strong></span> <span class='ocrx_word' id='word_1_53' title='bbox 377 865 408 889; x_wconf 88' lang='lat' dir='ltr'><strong>et</strong></span> <span class='ocrx_word' id='word_1_54' title='bbox 431 856 493 890; x_wconf 84' lang='lat' dir='ltr'><strong>filii</strong></span> <span class='ocrx_word' id='word_1_55' title='bbox 516 856 578 897; x_wconf 70' lang='lat' dir='ltr'><strong>tui,</strong></span> <span class='ocrx_word' id='word_1_56' title='bbox 603 865 635 889; x_wconf 87' lang='lat' dir='ltr'><strong>et</strong></span> <span class='ocrx_word' id='word_1_57' title='bbox 659 857 781 889; x_wconf 86' lang='lat' dir='ltr'><strong>domus</strong></span> <span class='ocrx_word' id='word_1_58' title='bbox 804 856 908 900; x_wconf 82' lang='lat' dir='ltr'><strong>patris</strong></span> <span class='ocrx_word' id='word_1_59' title='bbox 931 854 981 888; x_wconf 80' lang='lat' dir='ltr'><strong>tui</strong></span> <span class='ocrx_word' id='word_1_60' title='bbox 995 864 1117 893; x_wconf 85' lang='lat' dir='ltr'><strong>tecum,</strong></span> <span class='ocrx_word' id='word_1_61' title='bbox 1139 852 1277 888; x_wconf 80' lang='lat' dir='ltr'><strong>sumetis</strong></span> 
     </span>
    </p>
   </div>
   <div class='ocr_carea' id='block_1_8' title="bbox 600 921 992 962">
    <p class='ocr_par' dir='ltr' id='par_1_8' title="bbox 600 921 992 962">
     <span class='ocr_line' id='line_1_9' title="bbox 600 921 992 962; baseline 0 -12"><span class='ocrx_word' id='word_1_62' title='bbox 600 927 737 962; x_wconf 84' lang='lat' dir='ltr'><strong>peccata</strong></span> <span class='ocrx_word' id='word_1_63' title='bbox 764 921 992 951; x_wconf 83' lang='lat' dir='ltr'><strong>sanctorum.“</strong></span> 
     </span>
    </p>
   </div>
   <div class='ocr_carea' id='block_1_9' title="bbox 225 1005 1404 1975">
    <p class='ocr_par' dir='ltr' id='par_1_9' title="bbox 225 1005 1404 1975">
     <span class='ocr_line' id='line_1_10' title="bbox 322 1005 1363 1051; baseline -0.006 -9"><span class='ocrx_word' id='word_1_64' title='bbox 322 1009 349 1042; x_wconf 84' lang='lat'><strong>1.</strong></span> <span class='ocrx_word' id='word_1_65' title='bbox 376 1007 446 1051; x_wconf 83' lang='lat' dir='ltr'><strong>Qui</strong></span> <span class='ocrx_word' id='word_1_66' title='bbox 469 1008 627 1041; x_wconf 84' lang='lat' dir='ltr'><strong>meliores</strong></span> <span class='ocrx_word' id='word_1_67' title='bbox 651 1017 749 1047; x_wconf 85' lang='lat' dir='ltr'><strong>sunt,</strong></span> <span class='ocrx_word' id='word_1_68' title='bbox 779 1006 981 1040; x_wconf 86' lang='lat' dir='ltr'><strong>inferiorum</strong></span> <span class='ocrx_word' id='word_1_69' title='bbox 1012 1018 1148 1051; x_wconf 77' lang='lat' dir='ltr'><strong>semper</strong></span> <span class='ocrx_word' id='word_1_70' title='bbox 1172 1005 1307 1050; x_wconf 85' lang='lat' dir='ltr'>culpas,</span> <span class='ocrx_word' id='word_1_71' title='bbox 1331 1013 1363 1036; x_wconf 86' lang='lat' dir='ltr'><strong>et</strong></span> 
     </span>
     <span class='ocr_line' id='line_1_11' title="bbox 228 1066 1364 1122; baseline -0.004 -19"><span class='ocrx_word' id='word_1_72' title='bbox 228 1079 365 1115; x_wconf 74' lang='lat' dir='ltr'><strong>peccata</strong></span> <span class='ocrx_word' id='word_1_73' title='bbox 389 1069 585 1114; x_wconf 86' lang='lat' dir='ltr'><strong>suscipiunt.</strong></span> <span class='ocrx_word' id='word_1_74' title='bbox 640 1069 695 1103; x_wconf 89' lang='lat' dir='ltr'><strong>Sic</strong></span> <span class='ocrx_word' id='word_1_75' title='bbox 730 1068 819 1102; x_wconf 88' lang='lat' dir='ltr'><strong>enim</strong></span> <span class='ocrx_word' id='word_1_76' title='bbox 844 1078 874 1101; x_wconf 87' lang='lat' dir='ltr'><strong>et</strong></span> <span class='ocrx_word' id='word_1_77' title='bbox 897 1068 1083 1113; x_wconf 85' lang='lat' dir='ltr'><strong>Apostolus</strong></span> <span class='ocrx_word' id='word_1_78' title='bbox 1106 1067 1212 1122; x_wconf 53' lang='lat' dir='ltr'><strong>dicit:x</strong></span> <span class='ocrx_word' id='word_1_79' title='bbox 1235 1066 1364 1111; x_wconf 83' lang='lat' dir='ltr'><strong>,‚vos³)</strong></span> 
     </span>
     <span class='ocr_line' id='line_1_12' title="bbox 230 1128 1364 1176; baseline 0 -13"><span class='ocrx_word' id='word_1_80' title='bbox 230 1132 288 1176; x_wconf 87' lang='lat' dir='ltr'><strong>qui</strong></span> <span class='ocrx_word' id='word_1_81' title='bbox 318 1131 485 1164; x_wconf 81' lang='lat' dir='ltr'><strong>firmiores</strong></span> <span class='ocrx_word' id='word_1_82' title='bbox 516 1131 608 1170; x_wconf 81' lang='lat' dir='ltr'><strong>estis,</strong></span> <span class='ocrx_word' id='word_1_83' title='bbox 651 1131 895 1163; x_wconf 75' lang='lat' dir='ltr'>imbecillitates</span> <span class='ocrx_word' id='word_1_84' title='bbox 924 1128 1142 1163; x_wconf 81' lang='lat' dir='ltr'><strong>infirmorum</strong></span> <span class='ocrx_word' id='word_1_85' title='bbox 1175 1129 1364 1163; x_wconf 80' lang='lat' dir='ltr'><strong>sustinete.“</strong></span> 
     </span>
     <span class='ocr_line' id='line_1_13' title="bbox 227 1191 1365 1236; baseline -0.002 -10"><span class='ocrx_word' id='word_1_86' title='bbox 227 1193 374 1226; x_wconf 81' lang='lat' dir='ltr'>Israelita</span> <span class='ocrx_word' id='word_1_87' title='bbox 399 1192 425 1225; x_wconf 84' lang='lat' dir='ltr'><strong>si</strong></span> <span class='ocrx_word' id='word_1_88' title='bbox 449 1202 584 1236; x_wconf 88' lang='lat' dir='ltr'><strong>peccet,</strong></span> <span class='ocrx_word' id='word_1_89' title='bbox 613 1192 649 1226; x_wconf 90' lang='lat' dir='ltr'><strong>id</strong></span> <span class='ocrx_word' id='word_1_90' title='bbox 674 1202 737 1231; x_wconf 87' lang='lat' dir='ltr'><strong>est,</strong></span> <span class='ocrx_word' id='word_1_91' title='bbox 767 1191 890 1231; x_wconf 83' lang='lat' dir='ltr'><strong>laicus,</strong></span> <span class='ocrx_word' id='word_1_92' title='bbox 921 1191 994 1234; x_wconf 82' lang='lat' dir='ltr'><strong>ipse</strong></span> <span class='ocrx_word' id='word_1_93' title='bbox 1024 1204 1124 1224; x_wconf 89' lang='lat' dir='ltr'><strong>suum</strong></span> <span class='ocrx_word' id='word_1_94' title='bbox 1156 1204 1229 1224; x_wconf 90' lang='lat' dir='ltr'><strong>non</strong></span> <span class='ocrx_word' id='word_1_95' title='bbox 1252 1200 1365 1235; x_wconf 87' lang='lat' dir='ltr'><strong>potest</strong></span> 
     </span>
     <span class='ocr_line' id='line_1_14' title="bbox 228 1251 1365 1299; baseline -0.001 -12"><span class='ocrx_word' id='word_1_96' title='bbox 228 1256 360 1288; x_wconf 78' lang='lat' dir='ltr'><strong>auferre</strong></span> <span class='ocrx_word' id='word_1_97' title='bbox 383 1263 581 1299; x_wconf 83' lang='lat' dir='ltr'><strong>peccatum:</strong></span> <span class='ocrx_word' id='word_1_98' title='bbox 604 1255 663 1287; x_wconf 88' lang='lat' dir='ltr'><strong>sed</strong></span> <span class='ocrx_word' id='word_1_99' title='bbox 687 1253 829 1299; x_wconf 78' lang='lat' dir='ltr'>requirit</span> <span class='ocrx_word' id='word_1_100' title='bbox 848 1251 1001 1291; x_wconf 84' lang='lat' dir='ltr'><strong>levitam,</strong></span> <span class='ocrx_word' id='word_1_101' title='bbox 1031 1251 1159 1294; x_wconf 82' lang='lat' dir='ltr'><strong>indiget</strong></span> <span class='ocrx_word' id='word_1_102' title='bbox 1179 1254 1365 1293; x_wconf 81' lang='lat' dir='ltr'><strong>sacerdote,</strong></span> 
     </span>
     <span class='ocr_line' id='line_1_15' title="bbox 226 1312 1364 1361; baseline -0.004 -11"><span class='ocrx_word' id='word_1_103' title='bbox 226 1318 297 1350; x_wconf 89' lang='lat' dir='ltr'><strong>imo</strong></span> <span class='ocrx_word' id='word_1_104' title='bbox 328 1317 441 1361; x_wconf 67' lang='lat' dir='ltr'><strong>potius</strong></span> <span class='ocrx_word' id='word_1_105' title='bbox 472 1325 504 1348; x_wconf 81' lang='lat' dir='ltr'><strong>et</strong></span> <span class='ocrx_word' id='word_1_106' title='bbox 536 1316 647 1348; x_wconf 84' lang='lat' dir='ltr'><strong>adhuc</strong></span> <span class='ocrx_word' id='word_1_107' title='bbox 672 1316 798 1348; x_wconf 89' lang='lat' dir='ltr'><strong>horum</strong></span> <span class='ocrx_word' id='word_1_108' title='bbox 823 1313 952 1359; x_wconf 80' lang='lat' dir='ltr'><strong>aliquid</strong></span> <span class='ocrx_word' id='word_1_109' title='bbox 982 1312 1183 1348; x_wconf 78' lang='lat' dir='ltr'><strong>eminentius</strong></span> <span class='ocrx_word' id='word_1_110' title='bbox 1215 1313 1364 1359; x_wconf 78' lang='lat' dir='ltr'><strong>quaerit:</strong></span> 
     </span>
     <span class='ocr_line' id='line_1_16' title="bbox 226 1374 1404 1423; baseline -0.003 -12"><span class='ocrx_word' id='word_1_111' title='bbox 226 1379 388 1423; x_wconf 81' lang='lat' dir='ltr'><strong>pontifice</strong></span> <span class='ocrx_word' id='word_1_112' title='bbox 413 1390 498 1421; x_wconf 89' lang='lat' dir='ltr'><strong>opus</strong></span> <span class='ocrx_word' id='word_1_113' title='bbox 529 1387 593 1416; x_wconf 83' lang='lat' dir='ltr'><strong>est,</strong></span> <span class='ocrx_word' id='word_1_114' title='bbox 624 1387 662 1409; x_wconf 84' lang='lat' dir='ltr'><strong>ut</strong></span> <span class='ocrx_word' id='word_1_115' title='bbox 685 1385 903 1421; x_wconf 84' lang='lat' dir='ltr'><strong>peccatorum</strong></span> <span class='ocrx_word' id='word_1_116' title='bbox 926 1374 1157 1408; x_wconf 79' lang='lat' dir='ltr'>remissionem</span> <span class='ocrx_word' id='word_1_117' title='bbox 1181 1375 1286 1419; x_wconf 82' lang='lat' dir='ltr'><strong>possit</strong></span> <span class='ocrx_word' id='word_1_118' title='bbox 1309 1388 1364 1408; x_wconf 83' lang='lat' dir='ltr'><strong>ac·</strong></span> <span class='ocrx_word' id='word_1_119' title='bbox 1398 1414 1404 1418; x_wconf 77' lang='lat'>.</span> 
     </span>
     <span class='ocr_line' id='line_1_17' title="bbox 229 1435 1364 1483; baseline -0.003 -10"><span class='ocrx_word' id='word_1_120' title='bbox 229 1441 350 1483; x_wconf 83' lang='lat' dir='ltr'><strong>cipere.</strong></span> <span class='ocrx_word' id='word_1_121' title='bbox 397 1438 565 1472; x_wconf 82' lang='lat' dir='ltr'>Sacerdos</span> <span class='ocrx_word' id='word_1_122' title='bbox 590 1448 702 1471; x_wconf 81' lang='lat' dir='ltr'><strong>antem</strong></span> <span class='ocrx_word' id='word_1_123' title='bbox 728 1438 755 1471; x_wconf 90' lang='lat' dir='ltr'><strong>si</strong></span> <span class='ocrx_word' id='word_1_124' title='bbox 779 1436 971 1480; x_wconf 75' lang='lat' dir='ltr'><strong>delinquat,</strong></span> <span class='ocrx_word' id='word_1_125' title='bbox 1004 1445 1062 1469; x_wconf 84' lang='lat' dir='ltr'><strong>aut</strong></span> <span class='ocrx_word' id='word_1_126' title='bbox 1092 1435 1261 1480; x_wconf 79' lang='lat' dir='ltr'><strong>pontifex,</strong></span> <span class='ocrx_word' id='word_1_127' title='bbox 1291 1435 1364 1481; x_wconf 86' lang='lat' dir='ltr'><strong>ipse</strong></span> 
     </span>
     <span class='ocr_line' id='line_1_18' title="bbox 225 1496 1363 1545; baseline -0.004 -11"><span class='ocrx_word' id='word_1_128' title='bbox 225 1514 325 1535; x_wconf 82' lang='lat' dir='ltr'><strong>suum</strong></span> <span class='ocrx_word' id='word_1_129' title='bbox 350 1509 461 1545; x_wconf 75' lang='lat' dir='ltr'><strong>potest</strong></span> <span class='ocrx_word' id='word_1_130' title='bbox 488 1512 633 1544; x_wconf 78' lang='lat' dir='ltr'><strong>purgare</strong></span> <span class='ocrx_word' id='word_1_131' title='bbox 663 1509 862 1544; x_wconf 82' lang='lat' dir='ltr'><strong>peccatum:</strong></span> <span class='ocrx_word' id='word_1_132' title='bbox 893 1498 920 1531; x_wconf 89' lang='lat' dir='ltr'><strong>si</strong></span> <span class='ocrx_word' id='word_1_133' title='bbox 948 1507 1061 1530; x_wconf 78' lang='lat' dir='ltr'><strong>tamen</strong></span> <span class='ocrx_word' id='word_1_134' title='bbox 1090 1510 1164 1530; x_wconf 88' lang='lat' dir='ltr'><strong>non</strong></span> <span class='ocrx_word' id='word_1_135' title='bbox 1186 1506 1305 1540; x_wconf 86' lang='lat' dir='ltr'><strong>peccet</strong></span> <span class='ocrx_word' id='word_1_136' title='bbox 1327 1496 1363 1530; x_wconf 86' lang='lat' dir='ltr'><strong>in</strong></span> 
     </span>
     <span class='ocr_line' id='line_1_19' title="bbox 227 1557 1363 1606; baseline -0.004 -10"><span class='ocrx_word' id='word_1_137' title='bbox 227 1564 354 1596; x_wconf 87' lang='lat' dir='ltr'><strong>Deum.</strong></span> <span class='ocrx_word' id='word_1_138' title='bbox 409 1561 465 1594; x_wconf 82' lang='lat' dir='ltr'><strong>De</strong></span> <span class='ocrx_word' id='word_1_139' title='bbox 496 1559 694 1606; x_wconf 86' lang='lat' dir='ltr'><strong>hujusmodi</strong></span> <span class='ocrx_word' id='word_1_140' title='bbox 725 1560 814 1593; x_wconf 84' lang='lat' dir='ltr'><strong>enirn</strong></span> <span class='ocrx_word' id='word_1_141' title='bbox 844 1560 990 1605; x_wconf 81' lang='lat' dir='ltr'><strong>peccatis</strong></span> <span class='ocrx_word' id='word_1_142' title='bbox 1026 1572 1099 1591; x_wconf 89' lang='lat' dir='ltr'><strong>non</strong></span> <span class='ocrx_word' id='word_1_143' title='bbox 1123 1557 1223 1591; x_wconf 76' lang='lat' dir='ltr'><strong>facile</strong></span> <span class='ocrx_word' id='word_1_144' title='bbox 1245 1559 1363 1592; x_wconf 83' lang='lat' dir='ltr'><strong>remis—</strong></span> 
     </span>
     <span class='ocr_line' id='line_1_20' title="bbox 227 1619 1365 1667; baseline -0.004 -10"><span class='ocrx_word' id='word_1_145' title='bbox 227 1625 357 1659; x_wconf 84' lang='lat' dir='ltr'><strong>sionem</strong></span> <span class='ocrx_word' id='word_1_146' title='bbox 383 1623 531 1667; x_wconf 80' lang='lat' dir='ltr'><strong>aliquam</strong></span> <span class='ocrx_word' id='word_1_147' title='bbox 556 1622 707 1655; x_wconf 82' lang='lat' dir='ltr'><strong>videmus</strong></span> <span class='ocrx_word' id='word_1_148' title='bbox 740 1622 775 1655; x_wconf 89' lang='lat' dir='ltr'><strong>in</strong></span> <span class='ocrx_word' id='word_1_149' title='bbox 808 1622 888 1664; x_wconf 84' lang='lat' dir='ltr'><strong>legis</strong></span> <span class='ocrx_word' id='word_1_150' title='bbox 911 1620 1014 1654; x_wconf 84' lang='lat' dir='ltr'><strong>literis</strong></span> <span class='ocrx_word' id='word_1_151' title='bbox 1039 1619 1216 1664; x_wconf 80' lang='lat' dir='ltr'><strong>designari.</strong></span> <span class='ocrx_word' id='word_1_152' title='bbox 1270 1620 1365 1654; x_wconf 82' lang='lat' dir='ltr'><strong>Haec</strong></span> 
     </span>
     <span class='ocr_line' id='line_1_21' title="bbox 228 1679 1364 1728; baseline -0.004 -9"><span class='ocrx_word' id='word_1_153' title='bbox 228 1695 341 1719; x_wconf 79' lang='lat' dir='ltr'><strong>autem</strong></span> <span class='ocrx_word' id='word_1_154' title='bbox 369 1683 513 1717; x_wconf 83' lang='lat' dir='ltr'><strong>diximus</strong></span> <span class='ocrx_word' id='word_1_155' title='bbox 534 1696 598 1727; x_wconf 82' lang='lat' dir='ltr'><strong>pro</strong></span> <span class='ocrx_word' id='word_1_156' title='bbox 624 1683 682 1724; x_wconf 86' lang='lat' dir='ltr'><strong>iis,</strong></span> <span class='ocrx_word' id='word_1_157' title='bbox 713 1696 800 1728; x_wconf 81' lang='lat' dir='ltr'><strong>quae</strong></span> <span class='ocrx_word' id='word_1_158' title='bbox 830 1683 969 1717; x_wconf 79' lang='lat' dir='ltr'><strong>recitata</strong></span> <span class='ocrx_word' id='word_1_159' title='bbox 992 1691 1070 1717; x_wconf 87' lang='lat' dir='ltr'><strong>sunt</strong></span> <span class='ocrx_word' id='word_1_160' title='bbox 1093 1679 1203 1715; x_wconf 85' lang='lat' dir='ltr'><strong>nohis.</strong></span> <span class='ocrx_word' id='word_1_161' title='bbox 1249 1681 1364 1727; x_wconf 80' lang='lat' dir='ltr'>„Et‘²)</span> 
     </span>
     <span class='ocr_line' id='line_1_22' title="bbox 227 1741 1365 1790; baseline -0.004 -9"><span class='ocrx_word' id='word_1_162' title='bbox 227 1747 318 1786; x_wconf 85' lang='lat' dir='ltr'><strong>dixit,</strong></span> <span class='ocrx_word' id='word_1_163' title='bbox 341 1746 461 1790; x_wconf 87' lang='lat' dir='ltr'><strong>inquit,</strong></span> <span class='ocrx_word' id='word_1_164' title='bbox 485 1744 657 1777; x_wconf 89' lang='lat' dir='ltr'><strong>Dominus</strong></span> <span class='ocrx_word' id='word_1_165' title='bbox 682 1746 725 1778; x_wconf 81' lang='lat' dir='ltr'><strong>ad</strong></span> <span class='ocrx_word' id='word_1_166' title='bbox 751 1748 867 1777; x_wconf 76' lang='lat' dir='ltr'><strong>Aaron</strong></span> <span class='ocrx_word' id='word_1_167' title='bbox 893 1745 1023 1777; x_wconf 88' lang='lat' dir='ltr'><strong>dicens:</strong></span> <span class='ocrx_word' id='word_1_168' title='bbox 1047 1752 1085 1775; x_wconf 88' lang='lat' dir='ltr'><strong>tu</strong></span> <span class='ocrx_word' id='word_1_169' title='bbox 1110 1751 1142 1775; x_wconf 86' lang='lat' dir='ltr'><strong>et</strong></span> <span class='ocrx_word' id='word_1_170' title='bbox 1165 1741 1227 1776; x_wconf 86' lang='lat' dir='ltr'><strong>filii</strong></span> <span class='ocrx_word' id='word_1_171' title='bbox 1249 1742 1310 1782; x_wconf 75' lang='lat' dir='ltr'><strong>tui,</strong></span> <span class='ocrx_word' id='word_1_172' title='bbox 1335 1753 1365 1777; x_wconf 72' lang='lat' dir='ltr'><strong>et</strong></span> 
     </span>
     <span class='ocr_line' id='line_1_23' title="bbox 227 1798 1362 1852; baseline -0.004 -9"><span class='ocrx_word' id='word_1_173' title='bbox 227 1812 349 1843; x_wconf 88' lang='lat' dir='ltr'><strong>domus</strong></span> <span class='ocrx_word' id='word_1_174' title='bbox 372 1806 476 1852; x_wconf 83' lang='lat' dir='ltr'><strong>patris</strong></span> <span class='ocrx_word' id='word_1_175' title='bbox 500 1806 549 1838; x_wconf 85' lang='lat' dir='ltr'><strong>tui</strong></span> <span class='ocrx_word' id='word_1_176' title='bbox 573 1815 696 1845; x_wconf 88' lang='lat' dir='ltr'><strong>tecum,</strong></span> <span class='ocrx_word' id='word_1_177' title='bbox 718 1798 854 1840; x_wconf 77' lang='lat' dir='ltr'><strong>sumetis</strong></span> <span class='ocrx_word' id='word_1_178' title='bbox 869 1815 1006 1852; x_wconf 76' lang='lat' dir='ltr'><strong>peccata</strong></span> <span class='ocrx_word' id='word_1_179' title='bbox 1020 1808 1250 1838; x_wconf 83' lang='lat' dir='ltr'><strong>sanctorum.“</strong></span> <span class='ocrx_word' id='word_1_180' title='bbox 1279 1803 1362 1838; x_wconf 89' lang='lat' dir='ltr'><strong>Pot-</strong></span> 
     </span>
     <span class='ocr_line' id='line_1_24' title="bbox 227 1866 1365 1915; baseline -0.004 -11"><span class='ocrx_word' id='word_1_181' title='bbox 227 1880 275 1904; x_wconf 75' lang='lat' dir='ltr'><strong>est</strong></span> <span class='ocrx_word' id='word_1_182' title='bbox 301 1869 440 1915; x_wconf 89' lang='lat' dir='ltr'><strong>quidem</strong></span> <span class='ocrx_word' id='word_1_183' title='bbox 464 1869 508 1901; x_wconf 76' lang='lat' dir='ltr'><strong>ita</strong></span> <span class='ocrx_word' id='word_1_184' title='bbox 534 1868 659 1912; x_wconf 82' lang='lat' dir='ltr'><strong>exponi</strong></span> <span class='ocrx_word' id='word_1_185' title='bbox 681 1868 776 1901; x_wconf 88' lang='lat' dir='ltr'><strong>locus</strong></span> <span class='ocrx_word' id='word_1_186' title='bbox 802 1868 879 1901; x_wconf 86' lang='lat' dir='ltr'><strong>iste:</strong></span> <span class='ocrx_word' id='word_1_187' title='bbox 909 1876 947 1899; x_wconf 91' lang='lat' dir='ltr'><strong>ut</strong></span> <span class='ocrx_word' id='word_1_188' title='bbox 978 1866 1252 1912; x_wconf 46' lang='lat' dir='ltr'><strong>propter⁵)‘ea,</strong></span> <span class='ocrx_word' id='word_1_189' title='bbox 1277 1879 1365 1911; x_wconf 86' lang='lat' dir='ltr'><strong>quae</strong></span> 
     </span>
     <span class='ocr_line' id='line_1_25' title="bbox 228 1926 1365 1975; baseline -0.003 -11"><span class='ocrx_word' id='word_1_190' title='bbox 228 1933 330 1965; x_wconf 74' lang='lat' dir='ltr'><strong>offert</strong></span> <span class='ocrx_word' id='word_1_191' title='bbox 360 1929 514 1975; x_wconf 83' lang='lat' dir='ltr'><strong>pontifex</strong></span> <span class='ocrx_word' id='word_1_192' title='bbox 543 1942 610 1974; x_wconf 88' lang='lat' dir='ltr'><strong>pro</strong></span> <span class='ocrx_word' id='word_1_193' title='bbox 647 1938 787 1973; x_wconf 80' lang='lat' dir='ltr'><strong>peccato</strong></span> <span class='ocrx_word' id='word_1_194' title='bbox 819 1926 1103 1973; x_wconf 80' lang='lat' dir='ltr'><strong>uniuscujusque,</strong></span> <span class='ocrx_word' id='word_1_195' title='bbox 1143 1936 1175 1960; x_wconf 81' lang='lat' dir='ltr'><strong>et</strong></span> <span class='ocrx_word' id='word_1_196' title='bbox 1207 1927 1365 1972; x_wconf 80' lang='lat' dir='ltr'><strong>purificat</strong></span> 
     </span>
    </p>
   </div>
   <div class='ocr_carea' id='block_1_10' title="bbox 228 1987 1364 2037">
    <p class='ocr_par' dir='ltr' id='par_1_10' title="bbox 228 1987 1364 2037">
     <span class='ocr_line' id='line_1_26' title="bbox 228 1987 1364 2037; baseline -0.004 -11"><span class='ocrx_word' id='word_1_197' title='bbox 228 2007 316 2033; x_wconf 81' lang='lat' dir='ltr'><strong>enm,</strong></span> <span class='ocrx_word' id='word_1_198' title='bbox 339 2005 404 2037; x_wconf 90' lang='lat' dir='ltr'><strong>pro</strong></span> <span class='ocrx_word' id='word_1_199' title='bbox 430 2004 498 2036; x_wconf 91' lang='lat' dir='ltr'><strong>quo</strong></span> <span class='ocrx_word' id='word_1_200' title='bbox 525 1990 704 2031; x_wconf 80' lang='lat' dir='ltr'><strong>obtulerit,</strong></span> <span class='ocrx_word' id='word_1_201' title='bbox 727 1990 890 2036; x_wconf 61' lang='lat' dir='ltr'><strong>scripum]</strong></span> <span class='ocrx_word' id='word_1_202' title='bbox 915 1990 971 2024; x_wconf 82' lang='lat' dir='ltr'><strong>sit:</strong></span> <span class='ocrx_word' id='word_1_203' title='bbox 1004 1987 1120 2032; x_wconf 82' lang='lat' dir='ltr'><strong>,‚tu‚⁶)</strong></span> <span class='ocrx_word' id='word_1_204' title='bbox 1152 1997 1184 2021; x_wconf 85' lang='lat' dir='ltr'><strong>et</strong></span> <span class='ocrx_word' id='word_1_205' title='bbox 1223 1987 1284 2022; x_wconf 82' lang='lat' dir='ltr'><strong>filii</strong></span> <span class='ocrx_word' id='word_1_206' title='bbox 1314 1988 1364 2022; x_wconf 84' lang='lat' dir='ltr'><strong>tui</strong></span> 
     </span>
    </p>
   </div>
   <div class='ocr_carea' id='block_1_11' title="bbox 391 2075 495 2079">
    <p class='ocr_par' dir='ltr' id='par_1_11' title="bbox 391 2075 495 2079">
     <span class='ocr_line' id='line_1_27' title="bbox 391 2075 495 2079; baseline 0 0"><span class='ocrx_word' id='word_1_207' title='bbox 391 2075 495 2079; x_wconf 95' lang='lat' dir='ltr'><strong> </strong></span> 
     </span>
    </p>
   </div>
   <div class='ocr_carea' id='block_1_12' title="bbox 282 2077 388 2080">
    <p class='ocr_par' dir='ltr' id='par_1_12' title="bbox 282 2077 388 2080">
     <span class='ocr_line' id='line_1_28' title="bbox 282 2077 388 2080; baseline 0 0"><span class='ocrx_word' id='word_1_208' title='bbox 282 2077 388 2080; x_wconf 95' lang='lat' dir='ltr'><strong> </strong></span> 
     </span>
    </p>
   </div>
   <div class='ocr_carea' id='block_1_13' title="bbox 318 2106 1193 2219">
    <p class='ocr_par' dir='ltr' id='par_1_13' title="bbox 318 2106 1193 2219">
     <span class='ocr_line' id='line_1_29' title="bbox 322 2106 1096 2162; baseline -0.001 -12"><span class='ocrx_word' id='word_1_209' title='bbox 322 2120 354 2156; x_wconf 57' lang='grc' dir='ltr'><strong>η</strong></span> <span class='ocrx_word' id='word_1_210' title='bbox 381 2117 490 2151; x_wconf 64' lang='lat' dir='ltr'><strong>Galat.</strong></span> <span class='ocrx_word' id='word_1_211' title='bbox 516 2118 557 2156; x_wconf 86' lang='lat' dir='ltr'><strong>v,</strong></span> <span class='ocrx_word' id='word_1_212' title='bbox 580 2106 633 2151; x_wconf 72' lang='lat'>2&#39;2.</span> <span class='ocrx_word' id='word_1_213' title='bbox 729 2117 767 2162; x_wconf 75' lang='grc'><strong>2)</strong></span> <span class='ocrx_word' id='word_1_214' title='bbox 792 2118 892 2151; x_wconf 75' lang='lat' dir='ltr'><strong>Num.</strong></span> <span class='ocrx_word' id='word_1_215' title='bbox 916 2116 1043 2157; x_wconf 77' lang='lat' dir='ltr'>xvm,</span> <span class='ocrx_word' id='word_1_216' title='bbox 1067 2116 1096 2150; x_wconf 91' lang='lat'><strong>1.</strong></span> 
     </span>
     <span class='ocr_line' id='line_1_30' title="bbox 318 2170 1193 2219; baseline -0.002 -13"><span class='ocrx_word' id='word_1_217' title='bbox 318 2175 354 2219; x_wconf 80' lang='lat'><strong>³)</strong></span> <span class='ocrx_word' id='word_1_218' title='bbox 381 2173 451 2206; x_wconf 82' lang='lat' dir='ltr'><strong>Csr.</strong></span> <span class='ocrx_word' id='word_1_219' title='bbox 474 2173 576 2207; x_wconf 82' lang='lat' dir='ltr'><strong>Rom.</strong></span> <span class='ocrx_word' id='word_1_220' title='bbox 601 2174 678 2212; x_wconf 87' lang='lat' dir='ltr'><strong>XV,</strong></span> <span class='ocrx_word' id='word_1_221' title='bbox 702 2176 731 2207; x_wconf 86' lang='lat'><strong>1.</strong></span> <span class='ocrx_word' id='word_1_222' title='bbox 827 2172 863 2217; x_wconf 74' lang='lat'><strong>¹²)</strong></span> <span class='ocrx_word' id='word_1_223' title='bbox 887 2173 990 2206; x_wconf 88' lang='lat' dir='ltr'><strong>Num.</strong></span> <span class='ocrx_word' id='word_1_224' title='bbox 1014 2170 1141 2212; x_wconf 76' lang='lat' dir='ltr'>XVIII,</span> <span class='ocrx_word' id='word_1_225' title='bbox 1164 2172 1193 2205; x_wconf 84' lang='grc'><strong>1,</strong></span> 
     </span>
    </p>
   </div>
   <div class='ocr_carea' id='block_1_14' title="bbox 318 2228 920 2329">
    <p class='ocr_par' dir='ltr' id='par_1_14' title="bbox 318 2228 920 2329">
     <span class='ocr_line' id='line_1_31' title="bbox 318 2228 920 2273; baseline 0 -11"><span class='ocrx_word' id='word_1_226' title='bbox 318 2230 354 2273; x_wconf 67' lang='lat'><strong>5)</strong></span> <span class='ocrx_word' id='word_1_227' title='bbox 377 2230 442 2262; x_wconf 88' lang='lat' dir='ltr'><strong>Ed.</strong></span> <span class='ocrx_word' id='word_1_228' title='bbox 467 2228 576 2261; x_wconf 79' lang='lat' dir='ltr'><strong>Ruaei</strong></span> <span class='ocrx_word' id='word_1_229' title='bbox 597 2229 687 2262; x_wconf 78' lang='lat' dir='ltr'><strong>sola:</strong></span> <span class='ocrx_word' id='word_1_230' title='bbox 714 2241 775 2273; x_wconf 83' lang='lat' dir='ltr'><strong>per</strong></span> <span class='ocrx_word' id='word_1_231' title='bbox 798 2242 834 2262; x_wconf 84' lang='lat' dir='ltr'><strong>ea</strong></span> <span class='ocrx_word' id='word_1_232' title='bbox 861 2238 920 2262; x_wconf 83' lang='lat' dir='ltr'><strong>etc.</strong></span> 
     </span>
     <span class='ocr_line' id='line_1_32' title="bbox 320 2284 686 2329; baseline -0.005 -11"><span class='ocrx_word' id='word_1_233' title='bbox 320 2286 356 2329; x_wconf 75' lang='lat'><strong>⁶)</strong></span> <span class='ocrx_word' id='word_1_234' title='bbox 380 2287 481 2318; x_wconf 89' lang='lat' dir='ltr'><strong>Num.</strong></span> <span class='ocrx_word' id='word_1_235' title='bbox 507 2284 632 2323; x_wconf 78' lang='lat' dir='ltr'><strong>XVIII,</strong></span> <span class='ocrx_word' id='word_1_236' title='bbox 657 2287 686 2317; x_wconf 89' lang='lat'><strong>1.</strong></span> 
     </span>
    </p>
   </div>
   <div class='ocr_carea' id='block_1_15' title="bbox 1398 97 1427 2460">
    <p class='ocr_par' dir='ltr' id='par_1_15' title="bbox 1398 97 1427 2460">
     <span class='ocr_line' id='line_1_33' title="bbox 1398 97 1427 2460; baseline 0 0"><span class='ocrx_word' id='word_1_237' title='bbox 1398 97 1427 2460; x_wconf 95' lang='lat' dir='ltr'><strong> </strong></span> 
     </span>
    </p>
   </div>
  </div>
 </body>
</html>
