1427 2460
219 117 288 153 333
692 115 872 151 Omcnms

223 208 302 242 cim:
335 216 369 241 et
398 219 417 240 a
448 204 743 247 transmigratione
766 205 956 255 Babylonis
980 220 1087 253 usque
1111 208 1155 241 ad
1180 207 1363 251 Christum,

221 270 454 313 generationes
485 269 778 313 quatuordecim.“
839 269 921 303 Istas
961 282 1043 311 ergo
1076 270 1300 315 quadraginta
1331 281 1365 305 et

223 333 307 366 duas
331 330 634 374 generationes1),
657 343 739 375 quas
770 331 862 364 velut
891 331 1085 366 mansiones
1111 331 1265 367 Christus
1283 333 1366 367 fecit

222 394 430 428 descendens
454 393 489 426 in
514 389 707 440 Aegyptum
730 393 854 426 mundi
877 392 990 440 hujus,
1008 394 1084 439 ipso
1108 406 1255 427 numero
1279 407 1364 439 qua-

221 457 375 498 draginta
407 465 439 488 et
470 455 554 488 duas
584 454 777 489 mansiones
808 453 952 495 faciunt,
988 454 1047 500 qui
1079 456 1290 490 adscendunt
1320 458 1364 493 de

221 519 387 566 Aegypto.
447 517 491 551 Et
526 518 614 550 bene
656 517 873 551 observanter
910 517 1026 561 posuit
1056 517 1189 558 Moses,
1228 518 1362 552 dicens:

219 581 499 622 „adscenderunt
512 578 548 624 ²)
580 579 642 612 filii
665 579 769 612 Israel
802 592 879 612 cum
903 578 1024 612 virtute
1053 584 1143 613 sua.“
1190 570 1289 624 Quae
1314 588 1364 614 est

218 643 321 676 virtus
346 655 482 681 eorum,
506 640 570 674 nisi
591 640 663 685 ipse
689 640 860 681 Christus,
884 641 943 686 qui
968 650 1016 674 est
1038 640 1140 675 virtus
1163 641 1255 675 Dei?
1289 641 1360 685 Qui

219 717 299 747 ergo
324 703 517 743 adscendit,
543 716 621 736 cum
645 703 720 748 ipso
745 704 931 744 adscendit,
957 703 1015 748 qui
1041 704 1085 737 ad
1106 717 1170 736 nos
1194 703 1275 737 inde
1299 704 1359 737 de-

217 766 366 807 scendit,
388 775 427 799 ut
448 765 531 798 illuc
554 765 747 810 perveniat,
770 766 864 799 unde
886 765 943 799 ille
966 779 1039 800 non
1062 765 1278 805 necessitate,
1301 767 1361 799 sed

217 828 415 872 dignatione
439 828 624 870 descendit,
650 837 685 861 ut
709 840 827 861 verum
850 827 892 862 sit
913 828 1012 867 illud,
1037 827 1131 873 quod
1157 828 1285 861 dictum
1302 837 1359 868 est,

218 891 297 935 quia
321 890 457 935 „qui³)
483 890 675 931 descendit,
699 890 772 935 ipse
797 900 845 924 est
868 899 900 923 et
923 890 981 935 qui
1004 889 1210 924 adscendit.“
1255 890 1360 931 Igitur

214 951 251 984 in
276 951 498 997 quadraginta
523 953 655 986 duabus
678 952 914 986 mansionibus
938 951 1141 997 perveniunt
1169 951 1231 987 filii
1254 952 1359 986 Israel

214 1027 322 1058 usque
345 1014 388 1046 ad
413 1013 622 1058 principium
647 1014 836 1059 capiendae
859 1014 1084 1048 haereditatis.
1144 1013 1357 1059 Principium

215 1088 296 1108 vero
321 1076 508 1120 capiendae
531 1075 748 1109 haereditatis
770 1076 852 1115 fuit,
886 1075 946 1108 ubi
978 1076 1101 1109 Ruben
1132 1085 1165 1109 et
1196 1075 1292 1115 Gad,
1325 1085 1360 1110 et

215 1137 358 1171 dimidia
381 1138 490 1171 tribus
514 1137 691 1178 BIanasse,
723 1136 896 1182 accipiunt
918 1146 1043 1171 terram
1069 1137 1214 1172 Gal-aad.
1255 1137 1357 1182 Con-

212 1209 277 1234 stat
299 1199 413 1245 itaque
437 1213 600 1233 numerus
625 1199 853 1234 descensionis
878 1199 1023 1240 Christi,
1046 1212 1109 1245 per
1133 1200 1355 1244 quadraginta

213 1271 244 1296 et
270 1263 358 1297 duos
381 1271 494 1308 patres
517 1262 706 1295 secundum
731 1275 887 1302 carnem,
917 1263 1011 1296 velut
1039 1274 1103 1307 per
1133 1263 1356 1307 quadraginta

213 1325 296 1357 duas
320 1324 515 1358 mansiones
540 1325 750 1359 descendens
762 1324 799 1369 ⁴²)
823 1337 931 1369 usque
954 1324 998 1357 ad
1022 1336 1102 1364 nos,
1135 1333 1169 1357 et
1190 1338 1253 1370 per
1274 1324 1356 1358 toti-

213 1386 292 1418 dem
315 1386 510 1420 mansiones
542 1387 724 1419 adscensus
754 1385 906 1419 filiorum
938 1385 1043 1419 Israel
1074 1398 1183 1431 usque
1206 1387 1249 1420 ad
1272 1387 1355 1420 hae-

211 1447 361 1481 reditatis
377 1449 566 1494 promissae
578 1447 798 1493 principium.
847 1446 955 1491 Quod
970 1447 998 1480 si
1020 1446 1220 1489 intellexisti,
1245 1461 1353 1493 quan-

208 1518 282 1542 tum
304 1508 504 1544 sacramenti
527 1522 690 1543 numerus
713 1510 774 1543 iste
793 1508 1033 1548 descensionis„
1055 1508 1353 1555 adscensionisque

208 1570 398 1611 contineat,
419 1571 495 1605 veni
518 1570 587 1617 jam
611 1581 643 1605 et
666 1571 869 1616 incipiamus
892 1584 955 1616 per
979 1583 1036 1612 ea,
1067 1584 1154 1616 quae
1179 1573 1352 1606 descendit

209 1631 371 1673 Christus,
394 1634 619 1672 adscendere,
644 1643 675 1667 et
697 1634 844 1679 primam
867 1632 1083 1666 mansionem
1106 1633 1204 1667 istam
1228 1635 1352 1675 facere,

207 1707 310 1739 quam
335 1695 394 1729 ille
416 1695 634 1729 novissimam
657 1696 754 1737 fecit,
777 1695 922 1736 scilicet,
957 1694 1016 1740 qui
1038 1704 1136 1728 natus
1161 1708 1200 1728 ex
1222 1697 1350 1740 virgine

207 1765 273 1789 est:
299 1765 331 1789 et
354 1757 439 1790 haec
461 1758 503 1792 sit
525 1757 636 1802 prima
659 1758 760 1792 nobis
785 1757 917 1791 mansio
944 1758 986 1791 de
1006 1758 1157 1803 Aegypto
1175 1757 1266 1791 exire
1287 1772 1349 1792 vo-

203 1817 367 1860 lentibus,
389 1819 425 1852 in
450 1832 516 1864 qua
542 1820 662 1854 relicto
688 1821 865 1854 idolorum
891 1820 1003 1861 cultu,
1028 1828 1061 1853 et
1085 1819 1349 1854 daemoniorum

301 1997 335 2041 ¹)
360 1997 417 2032 sic
450 1998 552 2031 habet
576 1998 663 2032 Cod.
691 1999 858 2033 Abbatiae
885 1998 991 2032 sancti
1016 1998 1228 2034 Theudorici
1250 1999 1344 2035 Rhe-

203 2041 336 2075 mensis.
384 2043 479 2076 Libri
502 2056 582 2077 vero
609 2053 706 2078 antea
732 2045 812 2078 editi
835 2044 883 2090 (v.
895 2045 1011 2080 c.edd.
1024 2044 1111 2088 M,):
1134 2045 1342 2086 „generatio-

202 2098 286 2118 num
315 2089 526 2129 mansiones,
565 2090 651 2132 ‘quas
687 2088 841 2124 Christus
870 2089 950 2123 fecit
981 2090 1189 2123 adscendens
1214 2090 1249 2123 in
1275 2092 1340 2123 Ae-

202 2137 374 2176 gyptum.“
421 2133 461 2166 R.
497 2153 542 2158 ——-
568 2134 637 2168 Cfr.
663 2134 784 2168 Matth.
808 2135 831 2175 l,
856 2135 910 2169 17.

293 2187 331 2231 ²)
355 2188 457 2222 Num.
481 2189 653 2230 XXXIII,
680 2191 712 2223 1.
736 2191 813 2223 coll.
838 2203 915 2235 pag.
937 2192 1014 2226 335.
1037 2200 1108 2224 not.
1132 2192 1162 2225 3.

293 2242 330 2284 ³)
354 2243 481 2288 Ephes.
502 2243 561 2284 1v,
584 2246 639 2281 10,

289 2298 327 2341 ⁴)
349 2299 440 2333 Edd.
465 2299 621 2336 Merlini:
645 2301 889 2335 descendentis.
