1427 2460
189 90 258 127 342
668 87 845 120 Omossms

193 180 298 220 bulis,
335 179 437 212 habet
475 187 505 210 et
539 179 764 211 deducentem
798 191 832 210 se
862 190 934 210 non
967 177 1106 212 Mosen:
1137 197 1181 203 —
1205 179 1328 224 etipse

194 242 284 276 enim
311 254 379 287 quo
404 240 468 273 iret
489 240 687 282 ignorabat:
713 259 754 264 —
786 239 845 273 sed
871 239 1068 272 columnam
1102 239 1186 282 ignis
1211 250 1242 273 et
1265 254 1328 274 nu-

193 306 291 343 hem,
316 302 425 336 filium
450 301 576 334 scilicet
600 300 682 340 Dei,
721 310 751 333 et
776 301 942 345 Spiritum
976 311 1150 342 sanctum,
1185 301 1270 335 sicut
1299 311 1332 336 et

194 366 230 398 in
261 364 327 398 alio
360 365 439 397 loco
472 362 641 408 propheta
674 361 773 395 dicit:
810 362 958 407 „ipse¹)
989 362 1162 396 Dominus
1188 364 1334 398 ducebat
1371 359 1379 384 '-

196 431 292 461 eos.“
341 426 433 459 Talis
457 438 536 467 ergo
561 424 619 456 fiet
643 424 762 456 beatae
787 423 921 468 animae
945 426 1135 465 adscensus,
1160 438 1238 458 cum
1252 427 1333 460 sub-

197 489 298 522 mersi
335 487 462 521 fuerint
495 499 613 519 omnes
646 485 820 530 Aegyptii,
869 496 900 519 et
938 487 1187 528 Amalechitae,
1231 496 1334 532 atque

197 550 359 590 universi,
385 549 443 594 qui
467 549 750 593 impugnaverant
775 561 870 580 eam:
898 548 976 593 et2)
1001 548 1220 594 persingulas
1233 563 1334 594 quas-

198 626 264 658 que
290 611 481 654 digrediens
505 608 716 650 mansiones,
746 608 819 642 illas
843 609 970 643 scillcet
993 612 1138 651 multas,
1171 624 1257 656 quae
1283 611 1335 644 <li-

200 683 324 708 cuntur
347 686 416 707 esse
440 673 532 717 apud
556 680 706 716 patrem,
726 670 940 704 illuminatur
952 671 988 717 3)
1027 673 1172 717 amplius
1207 686 1245 706 ex
1268 686 1337 706 una

199 737 242 770 ad
267 735 369 769 aliam
393 733 540 774 veniens,
565 732 697 779 majora
720 746 855 778 semper
878 733 1138 769 illuminationis
1159 744 1337 777 augmenta

199 797 382 842 conquirit,
405 808 513 841 usque
537 808 606 840 quo
632 803 761 829 assueta
783 786 824 829 sit
848 795 951 840 ipsius
972 795 1041 829 veri
1063 795 1215 837 luminis,
1241 797 1337 841 quod

197 859 370 895 illuminat
395 871 534 891 omnem
559 856 753 897 hominem,
777 856 938 890 intuitum
963 856 1051 902 pati,
1083 866 1116 890 et
1138 857 1245 891 mirae
1266 871 1339 892 ma-

198 921 321 968 jestatis
353 923 441 955 ferre
469 920 650 962 fulgorem.
709 919 746 952 Si
776 931 855 951 vero
880 919 924 952 ad
947 919 1154 960 secundam,
1195 921 1238 954 de
1271 933 1339 965 qua

198 983 355 1030 superius
377 980 651 1020 memoravimus,
671 979 916 1025 expositionem
939 982 1127 1022 redeamus,
1153 991 1184 1015 et
1207 982 1342 1016 animae

202 1044 238 1078 in
264 1044 327 1077 hac
351 1045 416 1078 vita
441 1043 573 1088 positae
603 1055 666 1087 per
696 1042 780 1075 haec
805 1041 923 1075 doceri
961 1043 1189 1085 intelligamus
1221 1044 1340 1088 profe-

202 1116 292 1148 ctus,
327 1118 415 1150 quae
445 1117 607 1139 conversa
641 1106 683 1138 de
717 1103 846 1137 Gentili
871 1104 956 1144 vita,
992 1117 1066 1138 non
1102 1114 1171 1137 tarn
1207 1105 1342 1145 Mosen,

203 1182 305 1213 quam
329 1168 437 1209 legem
463 1167 546 1206 Dei,
570 1180 633 1199 nec
660 1168 794 1205 Aaron,
817 1167 876 1200 sed
901 1167 1114 1199 sacerdotem
1141 1166 1258 1207 illum,
1283 1167 1342 1212 qui

202 1239 381 1276 permanet
404 1229 438 1262 in
464 1237 658 1268 aeternum,
682 1227 854 1272 sequitur,
878 1237 1060 1273 antequam
1085 1229 1129 1261 ad
1152 1230 1342 1273 perfectum

203 1292 330 1332 veniat,
352 1290 388 1324 in
413 1303 527 1324 eremo
554 1289 701 1323 habitat:
728 1290 788 1323 ubi
811 1289 940 1324 scilicet
965 1299 1158 1324 exerceatur
1181 1290 1218 1324 in
1241 1304 1341 1336 prae-

203 1354 305 1399 ceptis
331 1353 485 1393 Domini,
510 1362 541 1385 et
567 1352 624 1385 ubi
648 1352 732 1385 fides
758 1351 828 1397 ejus
852 1365 915 1397 per
939 1352 1142 1386 tentationes
1164 1353 1342 1397 probetur.

203 1416 274 1449 Ubi
305 1429 384 1449 cum
415 1414 532 1448 vicerit
562 1427 665 1448 unam
697 1413 939 1456 tentationem,
978 1423 1009 1447 et
1038 1414 1123 1448 fides
1148 1413 1218 1460 ejus
1241 1413 1277 1447 in
1303 1428 1342 1448 ea

204 1477 308 1511 fuerit
339 1477 503 1522 probata,
538 1475 619 1509 inde
652 1475 741 1508 venit
773 1476 816 1508 ad
850 1476 968 1516 aliam,
1005 1485 1036 1508 et
1067 1475 1162 1519 quasi
1195 1477 1237 1509 de
1274 1490 1343 1510 una

205 1538 382 1572 mansione
407 1539 450 1570 ad
476 1538 614 1570 alteram
640 1536 776 1577 transit,
802 1546 833 1569 et
857 1536 904 1569 ibi
931 1551 1009 1570 cum
1035 1536 1231 1579 obtinuerit,
1256 1552 1343 1584 quae-

206 1599 408 1639 aeciderint,
433 1609 463 1632 et
488 1599 635 1631 fideliter
658 1598 789 1639 tulerit,
812 1599 921 1643 pergit
946 1600 990 1632 ad
1011 1599 1130 1633 aliam:
1155 1610 1189 1634 et
1212 1600 1256 1634 ita
1280 1614 1343 1646 per

205 1662 335 1704 singula
360 1673 514 1706 quaeque
539 1670 746 1694 tentamenta
782 1661 867 1694 vitae
900 1674 938 1694 ac
962 1661 1043 1694 fidei
1072 1662 1343 1707 prosecutus,⁴)

205 1723 400 1758 mansiones
424 1723 552 1757 habere
583 1722 725 1756 dicitur:
762 1721 797 1755 in
831 1722 954 1768 quibus
984 1736 1046 1768 per
1076 1724 1207 1765 singula
1239 1725 1343 1758 virtu-

206 1794 279 1817 tum
305 1793 516 1829 quaeruntur
538 1794 732 1826 augmenta:
758 1793 790 1817 et
815 1784 978 1829 impletur
1000 1784 1036 1817 in
1061 1784 1101 1819 iis
1123 1786 1222 1829 illud,
1247 1787 1343 1832 quod

205 1846 367 1892 scriptum
393 1855 456 1880 est:
493 1846 663 1889 „ibunt⁵)
699 1847 741 1879 de
778 1846 898 1880 virtute
928 1846 963 1879 in
995 1846 1195 1881 virtutem:“
1237 1861 1344 1893 usque

303 2002 338 2045 ι)
363 2001 435 2038 cfr.
459 2002 585 2038 Psalm.
611 2002 804 2044 Lxxvm,
830 2003 883 2038 13.
908 2002 1121 2049 (Lxxvn.)

299 2057 337 2102 Β)
368 2058 455 2092 Cod.
483 2059 517 2093 S.
543 2058 773 2092 Theodorici:
802 2067 860 2099 „ut
883 2072 948 2103 per
972 2058 1118 2102 singulas
1137 2078 1190 2098 —‚
1214 2057 1342 2092 illumi-

206 2111 306 2136 netur
329 2104 507 2148 amplius.“
552 2104 595 2137 R.

299 2158 336 2202 ³)
360 2160 450 2193 Edd.
475 2159 630 2194 Merlini:
655 2159 876 2193 illuminetur.

300 2214 337 2260 ⁴⁸)
361 2215 450 2249 Edd.
476 2216 634 2250 Merlini:
658 2217 840 2261 profectus.

297 2271 334 2318 ⁵)
358 2271 482 2306 Psaim.
508 2260 699 2314 Lxxxlv,
723 2273 753 2307 7.
