1427 2460
302 132 339 156 m
362 122 541 155 Nummos
564 117 725 152 Homms
743 118 886 151 XXVII.
1109 119 1178 155 333

5 214 12 225 ”
43 225 114 246 non
139 213 283 246 deorum
314 209 546 248 veneratione,
583 208 752 242 credimus
785 207 955 241 Christum
986 216 1102 242 natum
1137 223 1173 242 ex

6 262 13 321 ιζ
43 273 187 315 virgine,
211 282 243 307 et
267 273 309 305 de
333 271 460 316 Spiritu
484 279 620 310 sancto,
652 279 684 303 ct
706 270 858 303 Verbum
892 282 1027 304 carnem
1046 272 1171 304 factum

6 328 9 343 ³
42 328 169 368 venisse
192 335 227 368 in
251 334 342 366 hunc
365 334 543 367 mundum.
598 334 681 366 Post
712 332 794 364 haec
817 330 885 377 jam
917 332 1103 376 proficere,
1143 343 1183 366 et·

6 436 7 440 Ἰ
43 395 247 429 adscendere
271 395 313 428 ad
345 394 494 437 singulos
518 406 673 439 quosque
703 393 783 426 fidei
809 403 840 426 et
864 393 1024 426 virtutum
1049 396 1172 436 gradus

39 457 198 490 nitamur.
248 456 383 500 Quibus
407 455 434 490 si
466 466 533 489 tam
556 454 613 488 diu
638 455 875 494 immoremur,
901 455 1010 488 donec
1028 455 1071 488 ad
1096 469 1174 500 per-

39 519 165 551 fectum
199 517 386 558 veniamus,
421 517 456 550 in
488 516 624 558 singulis
655 516 814 549 virtutum
840 517 999 559 gradibus
1023 517 1172 551 mansio-

40 592 118 613 nem
143 579 259 613 fecisse
282 580 454 620 dicemur,
484 591 590 622 usque
616 591 684 622 quo
710 578 753 611 ad
776 591 947 612 summum
973 578 1174 623 pervenien-

39 641 128 675 tibus
153 641 253 676 nobis
275 641 544 679 institutionum,
574 640 860 684 prosectuumque
893 639 1057 682 fastigium
1089 654 1173 686 pro·-

38 702 136 737 missa
161 703 374 748 compleatur
395 702 591 735 haereditas.

129 765 162 799 4.
210 765 279 798 Sed
303 773 336 798 et
359 764 469 797 anima
495 776 572 796 cum
599 764 641 795 de
666 764 824 807 Aegypto
858 763 943 795 vitae
967 762 1066 808 hujus
1090 777 1173 808 pro-

41 825 217 867 ficiscitur,
253 835 288 859 ut
317 827 433 859 tendat
463 825 506 858 ad
537 833 661 857 terram
693 824 982 868 repromissionis,
1018 825 1174 871 pergit¹)

39 888 228 920 necessario
254 888 297 920 ad
320 887 412 927 illas,
443 899 529 930 quae
561 887 652 929 apud
683 895 813 929 patrem
839 886 880 918 ab
906 885 1004 919 initio
1028 900 1174 932 praepa—

41 958 133 984 ratae
155 958 246 990 sunt,
272 948 476 982 mansiones.
524 949 677 997 Quarum
710 948 813 980 credo
839 960 973 980 memor
995 950 1176 993 propheta,

42 1011 192 1054 dicebat:
225 1010 339 1052 „haec
353 1009 391 1054 2)
420 1018 628 1043 memoratus
658 1022 751 1048 sum,
786 1018 818 1042 et
849 1009 957 1042 effudi
987 1023 1090 1054 super
1119 1025 1175 1044 me

40 1073 188 1107 animam
212 1085 341 1111 meam,
378 1070 542 1116 quoniam
574 1069 744 1112 ingrediar
766 1069 800 1103 in
825 1071 940 1104 locum
965 1071 1175 1105 tabernaculi

42 1134 268 1174 admirabilis,
293 1146 399 1178 usque
423 1133 465 1165 ad
490 1133 633 1165 domum
659 1132 758 1165 Dei.“
811 1131 895 1166 Istae
924 1142 1002 1166 sunt
1025 1133 1176 1167 mansio-

39 1209 118 1236 nes,
151 1205 184 1229 et
206 1196 266 1229 ista
297 1195 534 1234 tabernacula,
573 1195 614 1227 de
646 1193 769 1238 quibus
799 1193 834 1226 in
867 1193 936 1228 alio
967 1195 1046 1228 loco
1078 1195 1176 1229 dicit:

41 1271 172 1303 „quam
189 1257 227 1302 3)
257 1258 415 1290 amabilia
438 1266 516 1290 sunt
538 1255 758 1289 tabernacula
784 1264 860 1295 tua,
896 1254 1049 1288 Domine
1073 1255 1178 1289 virtu-

40 1319 131 1353 tum!
164 1318 383 1364 Concupiscit
408 1327 441 1351 et
464 1317 579 1351 deficit
603 1317 714 1350 anima
739 1329 813 1349 mea
836 1315 871 1349 in
896 1315 979 1349 atria
1003 1316 1180 1350 Domini.“

41 1381 176 1415 Idcirco
202 1391 235 1414 et
258 1381 293 1414 in
318 1380 384 1414 alio
408 1381 487 1412 loco
512 1379 605 1412 idem
628 1379 798 1424 propheta
824 1377 924 1411 dicit:
957 1381 1134 1419 „multum
1146 1379 1182 1424 ⁴¹)

42 1444 252 1490 peregrinata
279 1452 325 1477 est
349 1441 460 1475 anima
484 1444 591 1473 mea.“
638 1439 790 1482 intellige
810 1453 890 1482 ergo
915 1440 942 1473 si
965 1446 1073 1484 potes,
1099 1453 1186 1484 quae

43 1506 111 1540 sint
133 1505 213 1541 istae
235 1503 524 1550 peregrinationes
548 1501 691 1541 animae,
716 1500 751 1535 in
778 1502 901 1547 quibus
927 1514 1004 1534 cum
1031 1502 1182 1547 quodam

45 1567 170 1610 gemitu
200 1579 239 1600 ac
271 1567 403 1609 dolore⁴
421 1563 631 1610 peregrinari
654 1576 689 1596 se
722 1564 846 1597 diutius
872 1563 982 1596 deflet.
1031 1562 1099 1596 Sed
1124 1564 1184 1597 he-

44 1628 151 1662 bescit
173 1629 295 1662 harum
312 1627 347 1671 ⁵)
383 1626 574 1660 intellectus
608 1634 639 1658 et
672 1625 889 1665 obscuratur,
926 1627 1037 1659 donec
1069 1626 1181 1658 adhuc

42 1690 295 1736 ‘peregrinatum
318 1698 400 1721 tunc
425 1696 537 1721 autem
559 1686 670 1720 verius
696 1687 913 1726 edocebitur‚
943 1695 974 1719 et
997 1685 1106 1719 verius
1129 1687 1182 1720 in-

44 1752 189 1794 telliget,
226 1763 314 1796 quae
336 1749 438 1783 fuerit
462 1748 546 1782 ratio
570 1746 850 1792 peregrinationis
879 1759 977 1789 suae,
1017 1760 1094 1780 cum
1125 1760 1179 1781 re-

138 1930 175 1975 ¹)
202 1928 643 1964 Cod.sanetiTheod0rici:
665 1926 797 1972 „pergit
809 1925 997 1961 necessario
1011 1937 1073 1971 per
1085 1937 1182 1969 quas—

48 1978 129 2011 dam
151 1976 237 2015 vias,
263 1984 295 2008 et
318 1983 425 2008 certas
449 1986 614 2019 quasque,
637 1981 674 2006 ut
697 1971 851 2013 diximus,
876 1970 1063 2015 conspiciet
1084 1982 1182 2003 man-

48 2022 168 2057 siones.
226 2020 384 2064 Quarum
421 2021 552 2053 credo“
587 2028 650 2052 etc.
723 2016 810 2051 Cod.
853 2014 1070 2050 Ebroicensis
1115 2027 1180 2059 pro

45 2066 291 2111 ‚,conspiciet“
313 2065 414 2098 hahet
436 2063 633 2105 „confichf‘
676 2063 716 2096 R.

140 2122 179 2167 2)
202 2121 329 2156 Psalm.
352 2120 465 2161 XLII,
488 2121 519 2154 4.

141 2177 179 2223 3)
201 2178 325 2211 Psalm.
349 2175 544 2216 LXXXIV,
568 2176 599 2208 1.
615 2178 647 2209 2.

146 2234 183 2277 4)
206 2235 330 2268 Psalm.
356 2232 472 2273 CXX,
493 2233 525 2267 6.
572 2230 737 2277 (CXIX.)

144 2290 180 2335 5)
203 2283 292 2325 Edd.
316 2288 472 2323 Met-lini:
497 2288 632 2322 horum.

832 2348 901 2381 22*
