<?xml version="1.0" encoding="UTF-8"?>
<!DOCTYPE html PUBLIC "-//W3C//DTD XHTML 1.0 Transitional//EN"
    "http://www.w3.org/TR/xhtml1/DTD/xhtml1-transitional.dtd">
<html xmlns="http://www.w3.org/1999/xhtml" xml:lang="en" lang="en">
 <head>
  <title>
</title>
<meta http-equiv="Content-Type" content="text/html;charset=utf-8" />
  <meta name='ocr-system' content='tesseract 3.04.00' />
  <meta name='ocr-capabilities' content='ocr_page ocr_carea ocr_par ocr_line ocrx_word'/>
</head>
<body>
  <div class='ocr_page' id='page_1' title='image "./operaomniaquaegr10orig/operaomniaquaegr10orig_0200.png"; bbox 0 0 1427 2460; ppageno 0'>
   <div class='ocr_carea' id='block_1_1' title="bbox 223 65 880 101">
    <p class='ocr_par' dir='ltr' id='par_1_1' title="bbox 223 65 880 101">
     <span class='ocr_line' id='line_1_1' title="bbox 223 65 880 101; baseline 0 -1"><span class='ocrx_word' id='word_1_1' title='bbox 223 65 289 101; x_wconf 81' lang='lat'>178</span> <span class='ocrx_word' id='word_1_2' title='bbox 316 84 331 91; x_wconf 51' lang='grc' dir='ltr'><em>ο</em></span> <span class='ocrx_word' id='word_1_3' title='bbox 701 65 880 101; x_wconf 69' lang='grc' dir='ltr'>Οωῦεωε</span> 
     </span>
    </p>
   </div>
   <div class='ocr_carea' id='block_1_2' title="bbox 201 155 1366 1375">
    <p class='ocr_par' dir='ltr' id='par_1_2' title="bbox 201 155 1366 1313">
     <span class='ocr_line' id='line_1_2' title="bbox 224 155 1366 201; baseline 0.004 -13"><span class='ocrx_word' id='word_1_4' title='bbox 224 155 442 189; x_wconf 82' lang='lat' dir='ltr'>circumcisus</span> <span class='ocrx_word' id='word_1_5' title='bbox 473 165 520 189; x_wconf 88' lang='lat' dir='ltr'>est</span> <span class='ocrx_word' id='word_1_6' title='bbox 552 157 673 196; x_wconf 89' lang='lat' dir='ltr'>corde,</span> <span class='ocrx_word' id='word_1_7' title='bbox 702 169 777 189; x_wconf 88' lang='lat' dir='ltr'>non</span> <span class='ocrx_word' id='word_1_8' title='bbox 810 169 920 190; x_wconf 84' lang='lat' dir='ltr'>came.</span> <span class='ocrx_word' id='word_1_9' title='bbox 975 157 1050 201; x_wconf 85' lang='lat' dir='ltr'>lpse</span> <span class='ocrx_word' id='word_1_10' title='bbox 1085 169 1165 200; x_wconf 84' lang='lat' dir='ltr'>ergo</span> <span class='ocrx_word' id='word_1_11' title='bbox 1194 167 1243 191; x_wconf 80' lang='lat' dir='ltr'>est</span> <span class='ocrx_word' id='word_1_12' title='bbox 1264 159 1366 199; x_wconf 83' lang='lat' dir='ltr'>solus,</span> 
     </span>
     <span class='ocr_line' id='line_1_3' title="bbox 223 217 1364 265; baseline 0.004 -15"><span class='ocrx_word' id='word_1_13' title='bbox 223 217 284 262; x_wconf 85' lang='lat' dir='ltr'>qui</span> <span class='ocrx_word' id='word_1_14' title='bbox 314 217 532 250; x_wconf 85' lang='lat' dir='ltr'>dinumerare</span> <span class='ocrx_word' id='word_1_15' title='bbox 562 226 673 262; x_wconf 85' lang='lat' dir='ltr'>potest</span> <span class='ocrx_word' id='word_1_16' title='bbox 706 227 738 251; x_wconf 87' lang='lat' dir='ltr'>et</span> <span class='ocrx_word' id='word_1_17' title='bbox 767 218 982 260; x_wconf 79' lang='lat' dir='ltr'>investigare,</span> <span class='ocrx_word' id='word_1_18' title='bbox 1013 228 1045 251; x_wconf 85' lang='lat' dir='ltr'>et</span> <span class='ocrx_word' id='word_1_19' title='bbox 1075 219 1148 265; x_wconf 87' lang='lat' dir='ltr'>ipse</span> <span class='ocrx_word' id='word_1_20' title='bbox 1177 221 1364 254; x_wconf 82' lang='lat' dir='ltr'>secundum</span> 
     </span>
     <span class='ocr_line' id='line_1_4' title="bbox 223 277 1366 326; baseline 0.003 -15"><span class='ocrx_word' id='word_1_21' title='bbox 223 278 433 313; x_wconf 70' lang='lat' dir='ltr'>ineffabilem</span> <span class='ocrx_word' id='word_1_22' title='bbox 473 287 506 311; x_wconf 86' lang='lat' dir='ltr'>et</span> <span class='ocrx_word' id='word_1_23' title='bbox 540 277 922 323; x_wconf 79' lang='lat' dir='ltr'>incomprehensibilem</span> <span class='ocrx_word' id='word_1_24' title='bbox 962 279 1161 326; x_wconf 80' lang='lat' dir='ltr'>sapientiam</span> <span class='ocrx_word' id='word_1_25' title='bbox 1191 294 1288 314; x_wconf 86' lang='lat' dir='ltr'>suam</span> <span class='ocrx_word' id='word_1_26' title='bbox 1322 281 1366 315; x_wconf 86' lang='lat' dir='ltr'>ad</span> 
     </span>
     <span class='ocr_line' id='line_1_5' title="bbox 223 340 1366 388; baseline 0.003 -16"><span class='ocrx_word' id='word_1_27' title='bbox 223 340 318 376; x_wconf 82' lang='lat' dir='ltr'>illam</span> <span class='ocrx_word' id='word_1_28' title='bbox 354 341 534 374; x_wconf 88' lang='lat' dir='ltr'>coelestem</span> <span class='ocrx_word' id='word_1_29' title='bbox 567 342 734 381; x_wconf 83' lang='lat' dir='ltr'>formam,</span> <span class='ocrx_word' id='word_1_30' title='bbox 767 354 868 386; x_wconf 89' lang='lat' dir='ltr'>quam</span> <span class='ocrx_word' id='word_1_31' title='bbox 899 341 972 386; x_wconf 86' lang='lat' dir='ltr'>ipse</span> <span class='ocrx_word' id='word_1_32' title='bbox 1002 343 1094 376; x_wconf 83' lang='lat' dir='ltr'>solus</span> <span class='ocrx_word' id='word_1_33' title='bbox 1125 343 1211 376; x_wconf 84' lang='lat' dir='ltr'>scire</span> <span class='ocrx_word' id='word_1_34' title='bbox 1242 351 1366 388; x_wconf 87' lang='lat' dir='ltr'>potest,</span> 
     </span>
     <span class='ocr_line' id='line_1_6' title="bbox 223 402 1365 448; baseline 0 -11"><span class='ocrx_word' id='word_1_35' title='bbox 223 403 341 448; x_wconf 81' lang='lat' dir='ltr'><strong>posuit</strong></span> <span class='ocrx_word' id='word_1_36' title='bbox 365 402 464 436; x_wconf 82' lang='lat' dir='ltr'>etiam</span> <span class='ocrx_word' id='word_1_37' title='bbox 490 402 570 436; x_wconf 87' lang='lat' dir='ltr'>istos</span> <span class='ocrx_word' id='word_1_38' title='bbox 594 416 776 443; x_wconf 86' lang='lat' dir='ltr'>numeros,</span> <span class='ocrx_word' id='word_1_39' title='bbox 810 416 896 447; x_wconf 89' lang='lat' dir='ltr'>quos</span> <span class='ocrx_word' id='word_1_40' title='bbox 927 404 1091 438; x_wconf 83' lang='lat' dir='ltr'>habemus</span> <span class='ocrx_word' id='word_1_41' title='bbox 1122 403 1158 437; x_wconf 86' lang='lat' dir='ltr'>in</span> <span class='ocrx_word' id='word_1_42' title='bbox 1188 404 1365 439; x_wconf 82' lang='lat' dir='ltr'>manibus:</span> 
     </span>
     <span class='ocr_line' id='line_1_7' title="bbox 223 463 1364 510; baseline 0.002 -12"><span class='ocrx_word' id='word_1_43' title='bbox 223 465 259 499; x_wconf 89' lang='lat' dir='ltr'>in</span> <span class='ocrx_word' id='word_1_44' title='bbox 283 465 407 510; x_wconf 82' lang='lat' dir='ltr'>quibus</span> <span class='ocrx_word' id='word_1_45' title='bbox 429 463 604 509; x_wconf 78' lang='lat' dir='ltr'><strong>praecipit,</strong></span> <span class='ocrx_word' id='word_1_46' title='bbox 631 474 666 497; x_wconf 89' lang='lat' dir='ltr'>ut</span> <span class='ocrx_word' id='word_1_47' title='bbox 688 466 875 498; x_wconf 87' lang='lat' dir='ltr'>secundum</span> <span class='ocrx_word' id='word_1_48' title='bbox 907 466 1126 508; x_wconf 83' lang='lat' dir='ltr'>cognationes</span> <span class='ocrx_word' id='word_1_49' title='bbox 1148 480 1233 507; x_wconf 83' lang='lat' dir='ltr'>suas,</span> <span class='ocrx_word' id='word_1_50' title='bbox 1259 476 1291 500; x_wconf 91' lang='lat' dir='ltr'>et</span> <span class='ocrx_word' id='word_1_51' title='bbox 1311 479 1364 500; x_wconf 88' lang='lat' dir='ltr'>se·-</span> 
     </span>
     <span class='ocr_line' id='line_1_8' title="bbox 224 525 1366 567; baseline 0.003 -8"><span class='ocrx_word' id='word_1_52' title='bbox 224 528 374 561; x_wconf 88' lang='lat' dir='ltr'>cundum</span> <span class='ocrx_word' id='word_1_53' title='bbox 394 528 517 560; x_wconf 83' lang='lat' dir='ltr'>domos</span> <span class='ocrx_word' id='word_1_54' title='bbox 535 525 738 560; x_wconf 80' lang='lat' dir='ltr'>familiarum</span> <span class='ocrx_word' id='word_1_55' title='bbox 756 540 905 567; x_wconf 87' lang='lat' dir='ltr'>suarum,</span> <span class='ocrx_word' id='word_1_56' title='bbox 925 540 963 560; x_wconf 85' lang='lat' dir='ltr'>ex</span> <span class='ocrx_word' id='word_1_57' title='bbox 984 528 1127 561; x_wconf 89' lang='lat' dir='ltr'>nomine</span> <span class='ocrx_word' id='word_1_58' title='bbox 1151 541 1269 562; x_wconf 88' lang='lat' dir='ltr'>omnes</span> <span class='ocrx_word' id='word_1_59' title='bbox 1291 541 1366 562; x_wconf 90' lang='lat' dir='ltr'>ma-</span> 
     </span>
     <span class='ocr_line' id='line_1_9' title="bbox 223 587 1365 634; baseline 0 -11"><span class='ocrx_word' id='word_1_60' title='bbox 223 589 308 623; x_wconf 84' lang='lat' dir='ltr'>sculi</span> <span class='ocrx_word' id='word_1_61' title='bbox 343 602 406 634; x_wconf 86' lang='lat' dir='ltr'>per</span> <span class='ocrx_word' id='word_1_62' title='bbox 442 587 552 633; x_wconf 82' lang='lat' dir='ltr'>capita</span> <span class='ocrx_word' id='word_1_63' title='bbox 589 598 812 621; x_wconf 85' lang='lat' dir='ltr'>numerentur</span> <span class='ocrx_word' id='word_1_64' title='bbox 846 602 865 621; x_wconf 89' lang='lat' dir='ltr'>a</span> <span class='ocrx_word' id='word_1_65' title='bbox 907 588 1021 630; x_wconf 84' lang='lat' dir='ltr'>viginti</span> <span class='ocrx_word' id='word_1_66' title='bbox 1060 589 1156 622; x_wconf 87' lang='lat' dir='ltr'>annis</span> <span class='ocrx_word' id='word_1_67' title='bbox 1191 598 1224 622; x_wconf 79' lang='lat' dir='ltr'>et</span> <span class='ocrx_word' id='word_1_68' title='bbox 1250 603 1365 634; x_wconf 84' lang='lat' dir='ltr'>supra,</span> 
     </span>
     <span class='ocr_line' id='line_1_10' title="bbox 224 650 1364 695; baseline -0.001 -11"><span class='ocrx_word' id='word_1_69' title='bbox 224 650 335 684; x_wconf 87' lang='lat' dir='ltr'>omnis</span> <span class='ocrx_word' id='word_1_70' title='bbox 358 651 416 695; x_wconf 88' lang='lat' dir='ltr'>qui</span> <span class='ocrx_word' id='word_1_71' title='bbox 439 650 627 692; x_wconf 80' lang='lat' dir='ltr'>ingreditur</span> <span class='ocrx_word' id='word_1_72' title='bbox 642 650 676 694; x_wconf 85' lang='lat'>¹)</span> <span class='ocrx_word' id='word_1_73' title='bbox 699 651 734 683; x_wconf 90' lang='lat' dir='ltr'>in</span> <span class='ocrx_word' id='word_1_74' title='bbox 758 650 880 683; x_wconf 80' lang='lat' dir='ltr'>virtute</span> <span class='ocrx_word' id='word_1_75' title='bbox 905 650 1027 684; x_wconf 81' lang='lat' dir='ltr'>Israel:</span> <span class='ocrx_word' id='word_1_76' title='bbox 1053 660 1086 684; x_wconf 91' lang='lat' dir='ltr'>et</span> <span class='ocrx_word' id='word_1_77' title='bbox 1110 650 1281 692; x_wconf 80' lang='lat' dir='ltr'>colligitur</span> <span class='ocrx_word' id='word_1_78' title='bbox 1305 663 1364 684; x_wconf 88' lang='lat' dir='ltr'>eo-</span> 
     </span>
     <span class='ocr_line' id='line_1_11' title="bbox 222 711 1363 758; baseline 0 -13"><span class='ocrx_word' id='word_1_79' title='bbox 222 726 298 745; x_wconf 88' lang='lat' dir='ltr'>rum</span> <span class='ocrx_word' id='word_1_80' title='bbox 324 713 463 757; x_wconf 88' lang='lat' dir='ltr'>quidam</span> <span class='ocrx_word' id='word_1_81' title='bbox 478 721 626 746; x_wconf 72' lang='lat' dir='ltr'>sacratus</span> <span class='ocrx_word' id='word_1_82' title='bbox 640 725 812 752; x_wconf 87' lang='lat' dir='ltr'>numerus,</span> <span class='ocrx_word' id='word_1_83' title='bbox 835 713 878 745; x_wconf 90' lang='lat' dir='ltr'>de</span> <span class='ocrx_word' id='word_1_84' title='bbox 898 726 967 758; x_wconf 91' lang='lat' dir='ltr'>quo</span> <span class='ocrx_word' id='word_1_85' title='bbox 982 711 1050 758; x_wconf 88' lang='lat' dir='ltr'>jam</span> <span class='ocrx_word' id='word_1_86' title='bbox 1070 712 1234 757; x_wconf 85' lang='lat' dir='ltr'>superius,</span> <span class='ocrx_word' id='word_1_87' title='bbox 1257 715 1363 758; x_wconf 84' lang='lat' dir='ltr'>prout</span> 
     </span>
     <span class='ocr_line' id='line_1_12' title="bbox 201 774 1366 819; baseline 0 -11"><span class='ocrx_word' id='word_1_88' title='bbox 201 775 361 819; x_wconf 53' lang='lat' dir='ltr'>‚donavit</span> <span class='ocrx_word' id='word_1_89' title='bbox 382 774 574 815; x_wconf 81' lang='lat' dir='ltr'><strong>Dominus,</strong></span> <span class='ocrx_word' id='word_1_90' title='bbox 596 774 750 808; x_wconf 76' lang='lat' dir='ltr'>diximus.</span> <span class='ocrx_word' id='word_1_91' title='bbox 809 775 879 808; x_wconf 88' lang='lat' dir='ltr'>Sed</span> <span class='ocrx_word' id='word_1_92' title='bbox 909 775 969 809; x_wconf 87' lang='lat' dir='ltr'>iste</span> <span class='ocrx_word' id='word_1_93' title='bbox 999 788 1162 808; x_wconf 88' lang='lat' dir='ltr'>numerus</span> <span class='ocrx_word' id='word_1_94' title='bbox 1191 785 1272 808; x_wconf 89' lang='lat' dir='ltr'>tunc</span> <span class='ocrx_word' id='word_1_95' title='bbox 1305 776 1366 808; x_wconf 82' lang='lat' dir='ltr'>de·</span> 
     </span>
     <span class='ocr_line' id='line_1_13' title="bbox 221 835 1363 882; baseline -0.002 -11"><span class='ocrx_word' id='word_1_96' title='bbox 221 850 316 870; x_wconf 88' lang='lat' dir='ltr'>mum</span> <span class='ocrx_word' id='word_1_97' title='bbox 340 844 486 871; x_wconf 85' lang='lat' dir='ltr'>sacratus</span> <span class='ocrx_word' id='word_1_98' title='bbox 511 845 567 876; x_wconf 79' lang='lat' dir='ltr'>est,</span> <span class='ocrx_word' id='word_1_99' title='bbox 595 846 625 869; x_wconf 84' lang='lat' dir='ltr'>et</span> <span class='ocrx_word' id='word_1_100' title='bbox 649 835 792 880; x_wconf 77' lang='lat' dir='ltr'>placitus</span> <span class='ocrx_word' id='word_1_101' title='bbox 816 837 906 876; x_wconf 88' lang='lat' dir='ltr'>Deo,</span> <span class='ocrx_word' id='word_1_102' title='bbox 931 851 1009 870; x_wconf 90' lang='lat' dir='ltr'>cum</span> <span class='ocrx_word' id='word_1_103' title='bbox 1030 837 1107 882; x_wconf 84' lang='lat' dir='ltr'>ipso</span> <span class='ocrx_word' id='word_1_104' title='bbox 1130 837 1363 882; x_wconf 81' lang='lat' dir='ltr'>praecipiente</span> 
     </span>
     <span class='ocr_line' id='line_1_14' title="bbox 220 897 1362 944; baseline -0.001 -12"><span class='ocrx_word' id='word_1_105' title='bbox 220 908 430 932; x_wconf 84' lang='lat' dir='ltr'>numeratur.</span> <span class='ocrx_word' id='word_1_106' title='bbox 485 897 522 930; x_wconf 84' lang='lat' dir='ltr'>Si</span> <span class='ocrx_word' id='word_1_107' title='bbox 546 906 659 931; x_wconf 86' lang='lat' dir='ltr'>autem</span> <span class='ocrx_word' id='word_1_108' title='bbox 691 906 809 931; x_wconf 80' lang='lat' dir='ltr'>contra</span> <span class='ocrx_word' id='word_1_109' title='bbox 832 909 1052 944; x_wconf 88' lang='lat' dir='ltr'>praeceptum</span> <span class='ocrx_word' id='word_1_110' title='bbox 1077 898 1222 931; x_wconf 82' lang='lat' dir='ltr'>Domini</span> <span class='ocrx_word' id='word_1_111' title='bbox 1242 899 1362 932; x_wconf 87' lang='lat' dir='ltr'>volue-</span> 
     </span>
     <span class='ocr_line' id='line_1_15' title="bbox 220 958 1360 1006; baseline -0.001 -12"><span class='ocrx_word' id='word_1_112' title='bbox 220 961 263 994; x_wconf 83' lang='lat' dir='ltr'>rit</span> <span class='ocrx_word' id='word_1_113' title='bbox 288 959 407 1006; x_wconf 85' lang='lat' dir='ltr'>aliquis</span> <span class='ocrx_word' id='word_1_114' title='bbox 429 972 621 1000; x_wconf 85' lang='lat' dir='ltr'>numerare,</span> <span class='ocrx_word' id='word_1_115' title='bbox 644 958 721 992; x_wconf 87' lang='lat' dir='ltr'>licet</span> <span class='ocrx_word' id='word_1_116' title='bbox 743 960 800 992; x_wconf 84' lang='lat' dir='ltr'>ille</span> <span class='ocrx_word' id='word_1_117' title='bbox 819 960 930 994; x_wconf 84' lang='lat' dir='ltr'>David</span> <span class='ocrx_word' id='word_1_118' title='bbox 947 961 999 1001; x_wconf 77' lang='lat' dir='ltr'>sit,</span> <span class='ocrx_word' id='word_1_119' title='bbox 1022 961 1101 994; x_wconf 86' lang='lat' dir='ltr'>licet</span> <span class='ocrx_word' id='word_1_120' title='bbox 1114 973 1254 1002; x_wconf 81' lang='lat' dir='ltr'>magnus</span> <span class='ocrx_word' id='word_1_121' title='bbox 1276 973 1360 1006; x_wconf 89' lang='lat' dir='ltr'>pro-</span> 
     </span>
     <span class='ocr_line' id='line_1_16' title="bbox 220 1021 1360 1071; baseline -0.001 -15"><span class='ocrx_word' id='word_1_122' title='bbox 220 1023 334 1068; x_wconf 83' lang='lat' dir='ltr'>pheta,</span> <span class='ocrx_word' id='word_1_123' title='bbox 359 1030 478 1055; x_wconf 84' lang='lat' dir='ltr'>contra</span> <span class='ocrx_word' id='word_1_124' title='bbox 506 1021 614 1063; x_wconf 82' lang='lat' dir='ltr'>legem</span> <span class='ocrx_word' id='word_1_125' title='bbox 639 1021 775 1065; x_wconf 83' lang='lat' dir='ltr'>agit,²)</span> <span class='ocrx_word' id='word_1_126' title='bbox 810 1031 843 1055; x_wconf 79' lang='lat' dir='ltr'>et</span> <span class='ocrx_word' id='word_1_127' title='bbox 872 1023 1023 1066; x_wconf 77' lang='lat' dir='ltr'>arguitur</span> <span class='ocrx_word' id='word_1_128' title='bbox 1053 1035 1116 1067; x_wconf 85' lang='lat' dir='ltr'>per</span> <span class='ocrx_word' id='word_1_129' title='bbox 1142 1021 1360 1071; x_wconf 61' lang='lat' dir='ltr'>prophetam,</span> 
     </span>
     <span class='ocr_line' id='line_1_17' title="bbox 222 1081 1358 1129; baseline 0 -12"><span class='ocrx_word' id='word_1_130' title='bbox 222 1094 255 1117; x_wconf 89' lang='lat' dir='ltr'>et</span> <span class='ocrx_word' id='word_1_131' title='bbox 277 1084 404 1129; x_wconf 84' lang='lat' dir='ltr'>patitur</span> <span class='ocrx_word' id='word_1_132' title='bbox 418 1083 487 1124; x_wconf 84' lang='lat' dir='ltr'>illa,</span> <span class='ocrx_word' id='word_1_133' title='bbox 515 1095 603 1126; x_wconf 89' lang='lat' dir='ltr'>quae</span> <span class='ocrx_word' id='word_1_134' title='bbox 623 1081 659 1114; x_wconf 89' lang='lat' dir='ltr'>in</span> <span class='ocrx_word' id='word_1_135' title='bbox 674 1083 826 1116; x_wconf 86' lang='lat' dir='ltr'>secundo</span> <span class='ocrx_word' id='word_1_136' title='bbox 842 1083 932 1116; x_wconf 88' lang='lat' dir='ltr'>libro</span> <span class='ocrx_word' id='word_1_137' title='bbox 946 1083 1146 1124; x_wconf 86' lang='lat' dir='ltr'>Regnorum</span> <span class='ocrx_word' id='word_1_138' title='bbox 1168 1083 1358 1127; x_wconf 73' lang='lat' dir='ltr'>legimus-³)</span> 
     </span>
     <span class='ocr_line' id='line_1_18' title="bbox 221 1143 1358 1191; baseline -0.002 -11"><span class='ocrx_word' id='word_1_139' title='bbox 221 1145 355 1191; x_wconf 84' lang='lat' dir='ltr'>scripta.</span> <span class='ocrx_word' id='word_1_140' title='bbox 403 1145 506 1178; x_wconf 91' lang='lat' dir='ltr'>Solus</span> <span class='ocrx_word' id='word_1_141' title='bbox 522 1156 604 1186; x_wconf 82' lang='lat' dir='ltr'>ergo</span> <span class='ocrx_word' id='word_1_142' title='bbox 628 1143 710 1188; x_wconf 91' lang='lat' dir='ltr'>ipse,</span> <span class='ocrx_word' id='word_1_143' title='bbox 737 1143 795 1188; x_wconf 84' lang='lat' dir='ltr'>qui</span> <span class='ocrx_word' id='word_1_144' title='bbox 819 1154 977 1178; x_wconf 85' lang='lat' dir='ltr'>numerat</span> <span class='ocrx_word' id='word_1_145' title='bbox 1000 1144 1257 1178; x_wconf 83' lang='lat' dir='ltr'>multitudinem</span> <span class='ocrx_word' id='word_1_146' title='bbox 1272 1146 1358 1179; x_wconf 54' lang='lat' dir='ltr'>‘stel-</span> 
     </span>
     <span class='ocr_line' id='line_1_19' title="bbox 219 1204 1358 1252; baseline -0.002 -10"><span class='ocrx_word' id='word_1_147' title='bbox 219 1209 343 1248; x_wconf 81' lang='lat' dir='ltr'>larum,</span> <span class='ocrx_word' id='word_1_148' title='bbox 366 1215 399 1240; x_wconf 93' lang='lat' dir='ltr'>et</span> <span class='ocrx_word' id='word_1_149' title='bbox 423 1206 481 1251; x_wconf 88' lang='lat' dir='ltr'>qui</span> <span class='ocrx_word' id='word_1_150' title='bbox 507 1206 621 1239; x_wconf 90' lang='lat' dir='ltr'>omnia</span> <span class='ocrx_word' id='word_1_151' title='bbox 645 1218 803 1239; x_wconf 87' lang='lat' dir='ltr'>mensura</span> <span class='ocrx_word' id='word_1_152' title='bbox 828 1215 860 1239; x_wconf 85' lang='lat' dir='ltr'>et</span> <span class='ocrx_word' id='word_1_153' title='bbox 881 1204 1028 1239; x_wconf 83' lang='lat' dir='ltr'>numero</span> <span class='ocrx_word' id='word_1_154' title='bbox 1054 1215 1086 1239; x_wconf 87' lang='lat' dir='ltr'>et</span> <span class='ocrx_word' id='word_1_155' title='bbox 1105 1209 1262 1251; x_wconf 84' lang='lat' dir='ltr'>pondere</span> <span class='ocrx_word' id='word_1_156' title='bbox 1274 1220 1358 1252; x_wconf 89' lang='lat' dir='ltr'>pro-</span> 
     </span>
     <span class='ocr_line' id='line_1_20' title="bbox 220 1267 1359 1313; baseline -0.001 -10"><span class='ocrx_word' id='word_1_157' title='bbox 220 1270 328 1310; x_wconf 86' lang='lat' dir='ltr'>duxit,</span> <span class='ocrx_word' id='word_1_158' title='bbox 350 1267 526 1309; x_wconf 81' lang='lat' dir='ltr'>investigat</span> <span class='ocrx_word' id='word_1_159' title='bbox 546 1280 662 1301; x_wconf 88' lang='lat' dir='ltr'>semen</span> <span class='ocrx_word' id='word_1_160' title='bbox 685 1267 809 1308; x_wconf 80' lang='lat' dir='ltr'>Jacob,</span> <span class='ocrx_word' id='word_1_161' title='bbox 833 1276 865 1300; x_wconf 83' lang='lat' dir='ltr'>et</span> <span class='ocrx_word' id='word_1_162' title='bbox 888 1267 1082 1301; x_wconf 87' lang='lat' dir='ltr'>dinumerat</span> <span class='ocrx_word' id='word_1_163' title='bbox 1096 1268 1233 1313; x_wconf 84' lang='lat' dir='ltr'>plebem</span> <span class='ocrx_word' id='word_1_164' title='bbox 1247 1269 1359 1302; x_wconf 81' lang='lat' dir='ltr'>Israel.</span> 
     </span>
    </p>

    <p class='ocr_par' dir='ltr' id='par_1_3' title="bbox 308 1328 1359 1375">
     <span class='ocr_line' id='line_1_21' title="bbox 308 1328 1359 1375; baseline 0 -12"><span class='ocrx_word' id='word_1_165' title='bbox 308 1331 340 1364; x_wconf 86' lang='grc'>4.</span> <span class='ocrx_word' id='word_1_166' title='bbox 366 1329 451 1363; x_wconf 86' lang='lat' dir='ltr'>Post</span> <span class='ocrx_word' id='word_1_167' title='bbox 472 1329 557 1362; x_wconf 87' lang='lat' dir='ltr'>haec</span> <span class='ocrx_word' id='word_1_168' title='bbox 580 1328 676 1374; x_wconf 82' lang='lat' dir='ltr'>quasi</span> <span class='ocrx_word' id='word_1_169' title='bbox 699 1330 742 1362; x_wconf 88' lang='lat' dir='ltr'>de</span> <span class='ocrx_word' id='word_1_170' title='bbox 758 1338 864 1363; x_wconf 80' lang='lat' dir='ltr'>semet</span> <span class='ocrx_word' id='word_1_171' title='bbox 877 1328 954 1373; x_wconf 82' lang='lat' dir='ltr'>ipso</span> <span class='ocrx_word' id='word_1_172' title='bbox 967 1331 1135 1373; x_wconf 82' lang='lat' dir='ltr'><strong>quaedam</strong></span> <span class='ocrx_word' id='word_1_173' title='bbox 1151 1331 1359 1375; x_wconf 80' lang='lat' dir='ltr'>prophetare</span> 
     </span>
    </p>
   </div>
   <div class='ocr_carea' id='block_1_3' title="bbox 217 1388 1412 1433">
    <p class='ocr_par' dir='ltr' id='par_1_4' title="bbox 217 1388 1412 1433">
     <span class='ocr_line' id='line_1_22' title="bbox 217 1388 1412 1433; baseline 0 -8"><span class='ocrx_word' id='word_1_174' title='bbox 217 1392 362 1432; x_wconf 85' lang='lat' dir='ltr'>videtur,</span> <span class='ocrx_word' id='word_1_175' title='bbox 385 1404 462 1424; x_wconf 88' lang='lat' dir='ltr'>cum</span> <span class='ocrx_word' id='word_1_176' title='bbox 488 1390 586 1424; x_wconf 84' lang='lat' dir='ltr'>dicit:</span> <span class='ocrx_word' id='word_1_177' title='bbox 610 1389 846 1433; x_wconf 77' lang='lat' dir='ltr'>,‚moriatur⁴)</span> <span class='ocrx_word' id='word_1_178' title='bbox 878 1388 990 1422; x_wconf 80' lang='lat' dir='ltr'>anima</span> <span class='ocrx_word' id='word_1_179' title='bbox 1013 1403 1091 1424; x_wconf 85' lang='lat' dir='ltr'>mea</span> <span class='ocrx_word' id='word_1_180' title='bbox 1114 1391 1204 1424; x_wconf 86' lang='lat' dir='ltr'>inter</span> <span class='ocrx_word' id='word_1_181' title='bbox 1227 1392 1357 1426; x_wconf 84' lang='lat' dir='ltr'>animas</span> <span class='ocrx_word' id='word_1_182' title='bbox 1409 1415 1412 1418; x_wconf 93' lang='lat'><em>-</em></span> 
     </span>
    </p>
   </div>
   <div class='ocr_carea' id='block_1_4' title="bbox 175 1451 1416 1992">
    <p class='ocr_par' dir='ltr' id='par_1_5' title="bbox 175 1451 1416 1992">
     <span class='ocr_line' id='line_1_23' title="bbox 217 1451 1356 1500; baseline 0 -13"><span class='ocrx_word' id='word_1_183' title='bbox 217 1453 397 1500; x_wconf 81' lang='lat' dir='ltr'>justorum,</span> <span class='ocrx_word' id='word_1_184' title='bbox 420 1462 452 1486; x_wconf 90' lang='lat' dir='ltr'>et</span> <span class='ocrx_word' id='word_1_185' title='bbox 474 1451 532 1485; x_wconf 84' lang='lat' dir='ltr'>fiat</span> <span class='ocrx_word' id='word_1_186' title='bbox 550 1465 667 1485; x_wconf 88' lang='lat' dir='ltr'>semen</span> <span class='ocrx_word' id='word_1_187' title='bbox 683 1465 799 1484; x_wconf 87' lang='lat' dir='ltr'>meum</span> <span class='ocrx_word' id='word_1_188' title='bbox 819 1452 905 1485; x_wconf 86' lang='lat' dir='ltr'>sicut</span> <span class='ocrx_word' id='word_1_189' title='bbox 919 1465 1035 1485; x_wconf 88' lang='lat' dir='ltr'>semen</span> <span class='ocrx_word' id='word_1_190' title='bbox 1048 1451 1252 1497; x_wconf 84' lang='lat' dir='ltr'>justorum.“</span> <span class='ocrx_word' id='word_1_191' title='bbox 1286 1454 1356 1487; x_wconf 78' lang='lat' dir='ltr'>Sed</span> 
     </span>
     <span class='ocr_line' id='line_1_24' title="bbox 216 1506 1416 1560; baseline 0.001 -13"><span class='ocrx_word' id='word_1_192' title='bbox 216 1515 284 1549; x_wconf 90' lang='lat' dir='ltr'>hoc</span> <span class='ocrx_word' id='word_1_193' title='bbox 310 1523 475 1560; x_wconf 85' lang='lat' dir='ltr'>quantum</span> <span class='ocrx_word' id='word_1_194' title='bbox 500 1514 544 1546; x_wconf 88' lang='lat' dir='ltr'>ad</span> <span class='ocrx_word' id='word_1_195' title='bbox 567 1526 750 1558; x_wconf 86' lang='lat' dir='ltr'>personam</span> <span class='ocrx_word' id='word_1_196' title='bbox 779 1522 908 1557; x_wconf 83' lang='lat' dir='ltr'>spectat</span> <span class='ocrx_word' id='word_1_197' title='bbox 930 1513 1020 1547; x_wconf 76' lang='lat' dir='ltr'>illius</span> <span class='ocrx_word' id='word_1_198' title='bbox 1034 1512 1190 1554; x_wconf 83' lang='lat' dir='ltr'>Balaam,</span> <span class='ocrx_word' id='word_1_199' title='bbox 1215 1523 1248 1548; x_wconf 87' lang='lat' dir='ltr'>et</span> <span class='ocrx_word' id='word_1_200' title='bbox 1264 1515 1374 1548; x_wconf 83' lang='lat' dir='ltr'>illius·</span> <span class='ocrx_word' id='word_1_201' title='bbox 1411 1506 1416 1531; x_wconf 51' lang='grc' dir='ltr'><strong><em>ἶ</em></strong></span> 
     </span>
     <span class='ocr_line' id='line_1_25' title="bbox 216 1574 1354 1622; baseline 0.003 -14"><span class='ocrx_word' id='word_1_202' title='bbox 216 1576 331 1616; x_wconf 87' lang='lat' dir='ltr'>Israel,</span> <span class='ocrx_word' id='word_1_203' title='bbox 345 1589 409 1610; x_wconf 85' lang='lat' dir='ltr'>nee</span> <span class='ocrx_word' id='word_1_204' title='bbox 426 1576 553 1608; x_wconf 83' lang='lat' dir='ltr'>factum</span> <span class='ocrx_word' id='word_1_205' title='bbox 570 1584 629 1616; x_wconf 90' lang='lat' dir='ltr'>est,</span> <span class='ocrx_word' id='word_1_206' title='bbox 642 1588 705 1608; x_wconf 89' lang='lat' dir='ltr'>nec</span> <span class='ocrx_word' id='word_1_207' title='bbox 721 1574 793 1609; x_wconf 82' lang='lat' dir='ltr'>fieri</span> <span class='ocrx_word' id='word_1_208' title='bbox 808 1574 939 1619; x_wconf 79' lang='lat' dir='ltr'>potuit:</span> <span class='ocrx_word' id='word_1_209' title='bbox 957 1588 1030 1608; x_wconf 90' lang='lat' dir='ltr'>non</span> <span class='ocrx_word' id='word_1_210' title='bbox 1048 1574 1140 1608; x_wconf 86' lang='lat' dir='ltr'>enim</span> <span class='ocrx_word' id='word_1_211' title='bbox 1153 1576 1354 1622; x_wconf 77' lang='lat' dir='ltr'>intel-ipsos,</span> 
     </span>
     <span class='ocr_line' id='line_1_26' title="bbox 215 1636 1355 1684; baseline 0.001 -13"><span class='ocrx_word' id='word_1_212' title='bbox 215 1639 275 1672; x_wconf 87' lang='lat' dir='ltr'>sed</span> <span class='ocrx_word' id='word_1_213' title='bbox 299 1639 342 1671; x_wconf 84' lang='lat' dir='ltr'>ab</span> <span class='ocrx_word' id='word_1_214' title='bbox 365 1636 446 1681; x_wconf 83' lang='lat' dir='ltr'>ipsis</span> <span class='ocrx_word' id='word_1_215' title='bbox 466 1646 624 1671; x_wconf 83' lang='lat' dir='ltr'>mortuus</span> <span class='ocrx_word' id='word_1_216' title='bbox 651 1646 709 1670; x_wconf 61' lang='lat' dir='ltr'>est.</span> <span class='ocrx_word' id='word_1_217' title='bbox 754 1636 864 1678; x_wconf 79' lang='lat' dir='ltr'>Magis</span> <span class='ocrx_word' id='word_1_218' title='bbox 889 1636 990 1676; x_wconf 85' lang='lat' dir='ltr'>enim,</span> <span class='ocrx_word' id='word_1_219' title='bbox 1016 1646 1055 1670; x_wconf 93' lang='lat' dir='ltr'>ut</span> <span class='ocrx_word' id='word_1_220' title='bbox 1078 1637 1238 1678; x_wconf 75' lang='lat' dir='ltr'>diximus,</span> <span class='ocrx_word' id='word_1_221' title='bbox 1261 1638 1355 1684; x_wconf 86' lang='lat' dir='ltr'>ipso-</span> 
     </span>
     <span class='ocr_line' id='line_1_27' title="bbox 215 1696 1352 1744; baseline 0.002 -12"><span class='ocrx_word' id='word_1_222' title='bbox 215 1713 292 1733; x_wconf 89' lang='lat' dir='ltr'>rum</span> <span class='ocrx_word' id='word_1_223' title='bbox 316 1712 485 1744; x_wconf 86' lang='lat' dir='ltr'>personae</span> <span class='ocrx_word' id='word_1_224' title='bbox 513 1697 712 1738; x_wconf 84' lang='lat' dir='ltr'>conveniet,</span> <span class='ocrx_word' id='word_1_225' title='bbox 749 1696 807 1742; x_wconf 81' lang='lat' dir='ltr'>qni</span> <span class='ocrx_word' id='word_1_226' title='bbox 841 1699 921 1732; x_wconf 89' lang='lat' dir='ltr'>licet</span> <span class='ocrx_word' id='word_1_227' title='bbox 952 1698 988 1731; x_wconf 88' lang='lat' dir='ltr'>in</span> <span class='ocrx_word' id='word_1_228' title='bbox 1018 1699 1187 1744; x_wconf 77' lang='lat' dir='ltr'>praesenti</span> <span class='ocrx_word' id='word_1_229' title='bbox 1217 1701 1352 1734; x_wconf 77' lang='lat' dir='ltr'>saeculo</span> 
     </span>
     <span class='ocr_line' id='line_1_28' title="bbox 213 1759 1404 1806; baseline 0.003 -13"><span class='ocrx_word' id='word_1_230' title='bbox 213 1774 319 1794; x_wconf 83' lang='lat' dir='ltr'>vanus</span> <span class='ocrx_word' id='word_1_231' title='bbox 342 1760 496 1806; x_wconf 80' lang='lat' dir='ltr'>populus</span> <span class='ocrx_word' id='word_1_232' title='bbox 517 1761 695 1800; x_wconf 83' lang='lat' dir='ltr'>habeatur,</span> <span class='ocrx_word' id='word_1_233' title='bbox 720 1759 800 1804; x_wconf 86' lang='lat' dir='ltr'>quia</span> <span class='ocrx_word' id='word_1_234' title='bbox 821 1759 894 1805; x_wconf 75' lang='lat' dir='ltr'>sine</span> <span class='ocrx_word' id='word_1_235' title='bbox 916 1760 1020 1803; x_wconf 83' lang='lat' dir='ltr'>gratia</span> <span class='ocrx_word' id='word_1_236' title='bbox 1044 1770 1093 1794; x_wconf 87' lang='lat' dir='ltr'>est</span> <span class='ocrx_word' id='word_1_237' title='bbox 1109 1761 1257 1806; x_wconf 77' lang='lat' dir='ltr'>Spiritus</span> <span class='ocrx_word' id='word_1_238' title='bbox 1275 1774 1353 1795; x_wconf 83' lang='lat' dir='ltr'>san·</span> <span class='ocrx_word' id='word_1_239' title='bbox 1400 1775 1404 1787; x_wconf 64' lang='lat'>⁸</span> 
     </span>
     <span class='ocr_line' id='line_1_29' title="bbox 215 1821 1354 1866; baseline 0.001 -11"><span class='ocrx_word' id='word_1_240' title='bbox 215 1823 279 1857; x_wconf 88' lang='lat' dir='ltr'>cti:</span> <span class='ocrx_word' id='word_1_241' title='bbox 302 1822 339 1855; x_wconf 87' lang='lat' dir='ltr'>in</span> <span class='ocrx_word' id='word_1_242' title='bbox 361 1823 430 1856; x_wconf 86' lang='lat' dir='ltr'>fine</span> <span class='ocrx_word' id='word_1_243' title='bbox 453 1831 568 1855; x_wconf 83' lang='lat' dir='ltr'>tamen</span> <span class='ocrx_word' id='word_1_244' title='bbox 592 1821 718 1855; x_wconf 86' lang='lat' dir='ltr'>saeculi</span> <span class='ocrx_word' id='word_1_245' title='bbox 741 1835 818 1854; x_wconf 89' lang='lat' dir='ltr'>cum</span> <span class='ocrx_word' id='word_1_246' title='bbox 836 1822 1013 1866; x_wconf 81' lang='lat' dir='ltr'>plenitudo</span> <span class='ocrx_word' id='word_1_247' title='bbox 1039 1823 1187 1865; x_wconf 85' lang='lat' dir='ltr'>gentium</span> <span class='ocrx_word' id='word_1_248' title='bbox 1210 1822 1354 1856; x_wconf 84' lang='lat' dir='ltr'>introie-</span> 
     </span>
     <span class='ocr_line' id='line_1_30' title="bbox 175 1882 1349 1929; baseline 0.002 -14"><span class='ocrx_word' id='word_1_249' title='bbox 175 1906 179 1909; x_wconf 91' lang='lat'>-</span> <span class='ocrx_word' id='word_1_250' title='bbox 214 1883 267 1924; x_wconf 86' lang='lat' dir='ltr'>rit,</span> <span class='ocrx_word' id='word_1_251' title='bbox 290 1894 322 1917; x_wconf 87' lang='lat' dir='ltr'>et</span> <span class='ocrx_word' id='word_1_252' title='bbox 346 1884 456 1918; x_wconf 85' lang='lat' dir='ltr'>omnis</span> <span class='ocrx_word' id='word_1_253' title='bbox 480 1884 541 1917; x_wconf 77' lang='lat' dir='ltr'>ista</span> <span class='ocrx_word' id='word_1_254' title='bbox 565 1882 758 1929; x_wconf 88' lang='lat' dir='ltr'>prophetia,</span> <span class='ocrx_word' id='word_1_255' title='bbox 782 1896 868 1928; x_wconf 89' lang='lat' dir='ltr'>quae</span> <span class='ocrx_word' id='word_1_256' title='bbox 889 1884 930 1916; x_wconf 91' lang='lat' dir='ltr'>de</span> <span class='ocrx_word' id='word_1_257' title='bbox 954 1884 1058 1917; x_wconf 88' lang='lat' dir='ltr'>Israel</span> <span class='ocrx_word' id='word_1_258' title='bbox 1077 1884 1211 1925; x_wconf 86' lang='lat' dir='ltr'>dicitur,</span> <span class='ocrx_word' id='word_1_259' title='bbox 1233 1885 1349 1929; x_wconf 86' lang='lat' dir='ltr'>inspi-</span> 
     </span>
     <span class='ocr_line' id='line_1_31' title="bbox 214 1943 1349 1992; baseline 0.001 -15"><span class='ocrx_word' id='word_1_260' title='bbox 214 1945 325 1978; x_wconf 78' lang='lat' dir='ltr'>rituali</span> <span class='ocrx_word' id='word_1_261' title='bbox 357 1946 478 1980; x_wconf 85' lang='lat' dir='ltr'>Israele</span> <span class='ocrx_word' id='word_1_262' title='bbox 502 1946 606 1979; x_wconf 84' lang='lat' dir='ltr'>fuerit</span> <span class='ocrx_word' id='word_1_263' title='bbox 632 1943 790 1990; x_wconf 76' lang='lat' dir='ltr'>impleta,</span> <span class='ocrx_word' id='word_1_264' title='bbox 824 1953 907 1979; x_wconf 92' lang='lat' dir='ltr'>tunc</span> <span class='ocrx_word' id='word_1_265' title='bbox 940 1944 1053 1980; x_wconf 86' lang='lat' dir='ltr'>anima</span> <span class='ocrx_word' id='word_1_266' title='bbox 1083 1945 1154 1992; x_wconf 86' lang='lat' dir='ltr'>ejus</span> <span class='ocrx_word' id='word_1_267' title='bbox 1183 1945 1349 1980; x_wconf 87' lang='lat' dir='ltr'>morietur</span> 
     </span>
    </p>
   </div>
   <div class='ocr_carea' id='block_1_5' title="bbox 301 2083 882 2293">
    <p class='ocr_par' dir='ltr' id='par_1_6' title="bbox 301 2083 882 2293">
     <span class='ocr_line' id='line_1_32' title="bbox 308 2083 839 2127; baseline 0.006 -11"><span class='ocrx_word' id='word_1_268' title='bbox 308 2083 342 2127; x_wconf 87' lang='lat'>¹)</span> <span class='ocrx_word' id='word_1_269' title='bbox 365 2083 454 2117; x_wconf 89' lang='lat' dir='ltr'><strong>Edd.</strong></span> <span class='ocrx_word' id='word_1_270' title='bbox 477 2085 632 2119; x_wconf 84' lang='lat' dir='ltr'>Merlini:</span> <span class='ocrx_word' id='word_1_271' title='bbox 662 2084 839 2127; x_wconf 81' lang='lat' dir='ltr'>egreditur.</span> 
     </span>
     <span class='ocr_line' id='line_1_33' title="bbox 303 2139 827 2183; baseline 0.002 -11"><span class='ocrx_word' id='word_1_272' title='bbox 303 2140 341 2183; x_wconf 88' lang='lat'>²)</span> <span class='ocrx_word' id='word_1_273' title='bbox 364 2139 453 2172; x_wconf 86' lang='lat' dir='ltr'><strong>Edd.</strong></span> <span class='ocrx_word' id='word_1_274' title='bbox 478 2139 617 2173; x_wconf 72' lang='lat' dir='ltr'>Mer-lini</span> <span class='ocrx_word' id='word_1_275' title='bbox 641 2140 746 2173; x_wconf 85' lang='lat' dir='ltr'>male:</span> <span class='ocrx_word' id='word_1_276' title='bbox 772 2140 827 2173; x_wconf 87' lang='lat' dir='ltr'>ait.</span> 
     </span>
     <span class='ocr_line' id='line_1_34' title="bbox 303 2193 882 2240; baseline 0.005 -14"><span class='ocrx_word' id='word_1_277' title='bbox 303 2193 341 2237; x_wconf 83' lang='lat'>³)</span> <span class='ocrx_word' id='word_1_278' title='bbox 366 2195 397 2226; x_wconf 90' lang='lat'>11</span> <span class='ocrx_word' id='word_1_279' title='bbox 420 2195 512 2229; x_wconf 82' lang='lat' dir='ltr'>Sam.</span> <span class='ocrx_word' id='word_1_280' title='bbox 535 2196 664 2228; x_wconf 90' lang='lat' dir='ltr'>XXIV.</span> <span class='ocrx_word' id='word_1_281' title='bbox 689 2197 741 2240; x_wconf 88' lang='lat' dir='ltr'>(II</span> <span class='ocrx_word' id='word_1_282' title='bbox 764 2196 882 2240; x_wconf 76' lang='lat' dir='ltr'>Regg.)</span> 
     </span>
     <span class='ocr_line' id='line_1_35' title="bbox 301 2251 701 2293; baseline -0.003 -9"><span class='ocrx_word' id='word_1_283' title='bbox 301 2251 338 2293; x_wconf 76' lang='lat'>⁴²)</span> <span class='ocrx_word' id='word_1_284' title='bbox 362 2252 465 2284; x_wconf 89' lang='lat' dir='ltr'>Num.</span> <span class='ocrx_word' id='word_1_285' title='bbox 490 2251 620 2289; x_wconf 83' lang='lat' dir='ltr'>XXIII,</span> <span class='ocrx_word' id='word_1_286' title='bbox 648 2252 701 2285; x_wconf 85' lang='lat'>10.</span> 
     </span>
    </p>
   </div>
   <div class='ocr_carea' id='block_1_6' title="bbox 1391 0 1427 2235">
    <p class='ocr_par' dir='ltr' id='par_1_7' title="bbox 1391 0 1427 2235">
     <span class='ocr_line' id='line_1_36' title="bbox 1391 0 1427 2235; baseline 0 0"><span class='ocrx_word' id='word_1_287' title='bbox 1391 0 1427 2235; x_wconf 95' lang='lat' dir='ltr'> </span> 
     </span>
    </p>
   </div>
  </div>
 </body>
</html>
