1427 2460
197 81 266 116 270
683 76 863 111 Omonms

197 172 232 204 in
258 171 398 204 excelso.
447 169 516 203 Sed
550 177 583 202 et
614 167 720 202 oculis
750 167 818 201 suis
850 166 1003 201 contueri
1033 165 1170 212 jubetur
1201 179 1339 200 omnem

197 242 321 266 terram
349 229 642 276 repromissionis,
676 239 708 262 et
740 228 919 272 diligenter
942 241 980 261 ex
1005 227 1168 262 eminenti
1192 230 1339 264 statione

197 304 320 328 cuncta
343 292 546 338 perspicere.
596 292 792 336 Oportebat
814 290 906 323 enim
927 304 1095 324 summam
1120 283 1341 335 perfectionis

197 365 423 390 consecuturo
456 353 542 387 nihil
572 352 785 395 incognitum
816 365 1009 393 remanere,
1040 353 1100 386 sed
1124 362 1340 393 cunctorum,

197 431 285 463 quae
317 417 475 450 videntur
506 424 538 448 et
572 415 779 455 audiuntur,
816 415 942 448 habere
976 415 1151 449 notitiam:
1193 415 1239 447 oh
1271 414 1338 448 hoc

197 482 314 520 credo,
337 489 374 513 ut
398 477 566 517 omnium,
590 489 679 522 quae
700 476 734 509 in
752 490 854 510 carne
871 476 1012 522 positus,
1035 476 1209 522 corporali
1227 475 1340 521 coepit
1385 520 1390 526 ⁴

195 543 377 587 adspectu,
407 539 440 573 in
465 538 586 584 spiritu
611 539 769 579 effectus,
792 549 824 572 et
845 540 939 572 nuda
963 548 1076 572 mente
1101 539 1144 572 ad
1168 537 1338 572 auditoria

195 614 228 638 et
260 603 502 647 discipulatum
537 599 722 645 sapientiae
763 590 970 645 properans,
1013 600 1176 634 velociter
1216 612 1336 633 eorum

194 665 344 698 rationes
367 665 575 708 adsequatur
599 671 631 695 et
654 675 780 696 causas.
827 663 915 696 Nam
941 662 1024 708 quid
1049 661 1219 696 videbitur
1247 661 1339 695 utiti-

196 727 281 767 tatis,
304 735 341 759 ut
365 726 546 759 decessuro
573 725 616 758 de
639 724 795 764 saeculo,
831 733 863 757 et
893 724 997 758 finem
1023 724 1107 758 vitae
1130 723 1231 769 hujus
1253 736 1336 769 pro-

193 788 284 822 tinus
308 796 492 832 accepturo
519 787 779 819 ostenderentur
802 795 911 819 terrae
935 795 966 819 et
989 787 1076 828 loca,
1101 798 1250 831 quorum
1274 798 1337 819 nec

192 851 350 883 laborem
380 860 602 894 perpessurus
624 847 659 892 ¹)
688 857 788 887 esset,
825 860 890 881 nec
923 847 1063 891 gratiam
1096 845 1337 893 suscepturus?

194 911 365 945 Perterret
395 923 452 943 me
481 920 562 943 sane
590 920 704 942 sermo
737 909 796 953 qui
817 909 987 954 sequitur,
1019 918 1052 943 et
1083 910 1127 944 ad
1153 909 1337 943 dicendum

193 972 309 1006 reddit
331 960 503 1011 titnidum,
527 984 567 1004 ac
590 971 773 1015 trepidum,
797 984 867 1016 quo
881 971 917 1016 ²)
937 972 979 1004 de
1001 983 1126 1014 magno
1151 970 1212 1004 illo
1225 970 1337 1010 Mose,

193 1035 326 1068 famulo
359 1043 391 1067 et
423 1032 532 1066 amico
563 1032 648 1073 Dei,
688 1033 742 1066 cui
774 1032 861 1066 facie
891 1034 934 1066 ad
966 1033 1089 1066 faciem
1119 1033 1254 1066 locutus
1290 1041 1338 1066 est

192 1097 308 1136 Deus,
344 1108 408 1140 per
436 1107 540 1139 quem
570 1093 663 1136 signa
694 1101 728 1126 et
759 1092 896 1127 virtutes
927 1094 1090 1129 mirificae
1123 1104 1339 1140 perpetratae

192 1167 290 1197 sunt,
318 1166 388 1190 tam
412 1156 543 1198 gravia,
565 1164 635 1189 tam
658 1154 851 1199 periculosa
875 1157 1079 1191 referuntur.
1126 1156 1222 1200 Quid
1245 1157 1337 1190 enim

195 1219 226 1252 ei
251 1218 331 1252 dicit
355 1216 475 1252 Deus?
498 1217 600 1262 „et³)
625 1219 819 1262 apponeris,
842 1217 964 1262 inquit,
987 1219 1031 1251 ad
1048 1219 1220 1264 populum
1237 1228 1336 1252 tuum

196 1290 229 1314 et
247 1289 296 1320 tu,
319 1279 405 1313 sicut
421 1279 598 1324 appositus
623 1288 672 1313 est
683 1279 803 1312 Aaron
826 1280 930 1313 frater
952 1289 1030 1314 tuus
1054 1279 1091 1313 in
1114 1289 1234 1313 monte
1253 1279 1337 1314 Or.“

193 1343 240 1376 Et
264 1341 360 1387 quasi
385 1355 521 1375 causam
544 1340 664 1375 mortis
680 1341 831 1385 exponit,
854 1341 986 1375 dicens:
1009 1351 1174 1387 „propter
1184 1341 1222 1385 ⁴)
1241 1343 1337 1386 quod

194 1403 390 1445 transgressi
414 1403 489 1436 estis
512 1403 655 1435 verbum
679 1415 795 1435 meum
818 1402 854 1435 in
873 1404 1005 1436 deserto
1025 1402 1098 1443 Sin,
1121 1415 1200 1436 cum
1217 1402 1337 1437 restitit

194 1477 386 1511 synagoga,
413 1477 458 1497 ne
492 1477 547 1498 me
578 1463 812 1498 sanctificaret.
858 1465 941 1497 Non
969 1477 1024 1498 me
1048 1464 1278 1499 sanctificastis
1301 1465 1336 1498 in

194 1540 282 1572 aqua
314 1539 431 1560 coram
462 1526 534 1560 iis.“
587 1525 725 1568 Ergone
756 1525 791 1559 in
830 1527 932 1571 culpa
978 1536 1025 1559 est
1064 1525 1165 1560 etiam
1195 1526 1337 1562 Moses?

192 1589 308 1624 Etiam
346 1588 420 1634 ipse
455 1587 727 1629 transgressionis
762 1587 890 1621 crimen
924 1587 1086 1629 incurrit,
1127 1588 1228 1623 etiam
1263 1590 1336 1635 ipse

193 1652 302 1686 factus
335 1659 383 1685 est
413 1650 477 1683 sub
509 1658 663 1694 peccato.
715 1649 850 1683 Idcirco
883 1651 987 1683 credo
1018 1663 1098 1684 cum
1128 1652 1336 1687 confidentia

194 1711 328 1747 dicebat
352 1712 550 1757 Apostolus,
574 1711 654 1756 quia
676 1709 896 1755 „regnavit⁵)
918 1725 1012 1746 mors
1036 1713 1080 1746 ab
1101 1713 1211 1747 Adam
1228 1707 1336 1758 usque

193 1774 238 1808 ad
268 1773 426 1821 Mosenff
473 1771 622 1808 Accessit
651 1772 743 1806 enim
771 1785 880 1818 usque
897 1770 936 1817 ⁶)
965 1775 1009 1808 ad
1038 1773 1180 1816 Mosen,
1209 1784 1242 1810 et
1271 1787 1336 1810 nec

289 1936 297 1954 ι
306 1935 323 1980 )
347 1935 427 1969 Mss.
442 1947 682 1980 „perpessurus
698 1941 814 1972 esset.“
843 1937 938 1971 Libri
953 1935 1033 1970 editi
1047 1944 1097 1982 (v.
1113 1949 1139 1970 c.
1157 1936 1234 1970 edd.
1245 1935 1335 1982 Μ.);

192 1993 391 2026 „perpessus
416 1982 498 2014 est.“
521 1979 562 2014 R.

285 2037 324 2079 ²)
347 2035 437 2069 Edd.
463 2035 620 2070 Merlini:
645 2037 740 2081 quod
764 2037 808 2070 de
831 2050 956 2081 magno
981 2048 1042 2072 etc.

285 2092 324 2136 3)
348 2092 451 2125 Num.
474 2092 611 2132 XXVI,
625 2091 687 2126 43.

285 2146 323 2191 ¹²)
347 2147 450 2181 Num.
474 2147 604 2190 XXVI,
624 2149 677 2184 14.
695 2167 739 2175 —-
752 2149 843 2184 Edd.
858 2150 998 2185 Merlini
1015 2158 1224 2186 constanter:
1249 2149 1331 2197 Syn.

286 2202 322 2244 ⁵)
346 2202 448 2236 Rom.
474 2202 514 2243 V,
538 2204 591 2238 14.

284 2256 323 2302 ⁶)
347 2257 569 2293 Desideratur
590 2263 742 2306 ‚,usque“
764 2261 801 2295 in
827 2262 879 2296 ed.
903 2261 1021 2295 Ruaei.

1401 258 1405 265 «

1400 273 1407 290 4
