1427 2460
186 55 251 110 158
663 51 843 95 Omonms

183 150 263 180 tas.“
308 148 353 180 Et
375 149 457 187 sola,
479 148 600 192 inquit,
624 149 742 182 caritas
757 150 791 195 ¹)
816 159 880 191 est,
912 163 997 195 quae
1027 164 1203 196 nunquam
1230 154 1314 187 exci-

184 208 241 241 dit.
288 209 370 242 Ideo
396 222 497 253 super
515 210 746 254 prophetiam,
770 225 871 257 super
883 212 1067 253 silentiam,
1091 226 1192 258 super
1202 213 1316 254 fidem,

183 283 285 314 super
307 270 418 314 ipsum
444 272 543 304 etiam
575 273 794 319 martyrium,
826 284 863 307 ut
891 274 1018 308 Paulus
1051 276 1167 314 docet,
1197 274 1316 319 caritas

183 331 340 364 habenda
365 341 422 371 est,
446 342 478 365 et
501 332 619 366 caritas
644 335 842 368 excolenda:
875 337 953 381 quia
980 346 1012 369 et
1043 336 1208 380 „Deus²)
1233 335 1335 369 cari-¹

184 401 232 425 tas
258 396 337 433 est,“
361 403 392 426 et
417 392 569 427 Christus
592 395 681 428 filius
708 395 778 441 ejus
804 397 922 430 caritas
946 407 1008 438 est,
1033 398 1090 442 qui
1113 398 1214 432 nobis
1235 403 1316 443 per—

182 453 364 488 sectionem
389 455 532 489 caritatis
556 457 687 490 donare
711 458 876 499 dignetur.
923 458 991 503 Ipsi
1015 458 1132 502 gloria,
1156 469 1189 492 et
1210 459 1317 504 impe·

186 515 272 548 rium
298 515 333 549 in
357 519 490 550 saecula
513 519 738 554 saeculorum.
786 521 907 554 Amen.

451 845 559 885 ΗΟ
597 847 641 886 M
678 847 693 885 1
730 847 760 885 L
796 846 883 885 1.A
955 846 1063 885 qu

519 984 522 985 ⁷
535 945 590 978 De
612 945 793 990 prophetia
815 945 965 993 Balaam.

275 1031 304 1065 1.
327 1032 421 1066 Licet
444 1046 508 1067 nos
534 1036 621 1068 ordo
646 1035 844 1075 lectionum,
871 1049 958 1080 quae
973 1034 1166 1072 recitantur,
1191 1034 1234 1067 de
1255 1031 1320 1066 illis

185 1092 299 1125 dicere
321 1094 426 1135 magis
449 1095 564 1138 exigat,
589 1110 676 1141 quae
698 1097 807 1130 lector
832 1097 1000 1141 explicuit,
1024 1107 1136 1129 tamen
1159 1095 1320 1140 quoniam

185 1155 345 1189 nonnulli
368 1157 512 1189 fratrum
537 1158 728 1202 deposcunt
752 1172 789 1191 ea
815 1158 939 1203 potius,
961 1170 1048 1202 quae
1073 1157 1115 1190 de
1138 1148 1321 1202 prophetia

185 1215 327 1251 Balaam
352 1218 474 1262 scripta
498 1229 594 1259 sunt,
624 1220 666 1252 ad
696 1233 890 1253 sermonem
916 1219 1153 1264 disputationis
1185 1217 1321 1257 adduci,

184 1291 257 1311 non
282 1278 327 1311 ita
352 1279 466 1312 ordini
500 1281 688 1315 lectionum·
719 1282 907 1316 satisfacere
931 1294 1078 1325 aequum
1104 1279 1250 1320 credidi,
1285 1289 1323 1312 ut

186 1340 360 1374 desideriis
383 1335 591 1378 auiiitorum.
645 1343 763 1376 Primo
796 1356 875 1384 ergo
909 1342 1063 1375 omnium
1090 1343 1132 1375 de
1154 1342 1229 1386 ipso
1253 1340 1322 1373 Ba-

184 1401 273 1435 laam
290 1403 514 1447 requiramus,
538 1417 598 1436 cur
612 1405 648 1437 in
666 1404 851 1450 Scripturis
865 1417 958 1437 nunc
972 1402 1212 1447 vituperabilis,
1229 1415 1322 1435 nunc

185 1465 368 1498 laudabilis
384 1466 534 1510 ponitur.
566 1467 653 1499 Nam
669 1465 897 1511 vituperabilis
923 1474 980 1504 est,
1004 1477 1082 1497 cum
1097 1462 1290 1508 prohibitus
1304 1476 1323 1496 a

185 1526 264 1560 Deo
289 1527 402 1559 venire
428 1528 469 1561 ad
495 1539 617 1568 regem,
640 1527 785 1572 persistit
807 1537 844 1560 ut
867 1526 994 1565 veniat,
1019 1534 1051 1558 et
1074 1524 1240 1557 mercedis
1265 1537 1323 1556 cu-

185 1589 286 1633 pidus
308 1588 431 1622 iterum
457 1589 612 1630 consulit,
635 1590 757 1622 iterum
782 1588 923 1633 requirit
955 1601 971 1620 a
997 1587 1094 1626 Deo,
1124 1587 1233 1619 donec
1268 1598 1321 1618 re-

185 1650 360 1695 linquatur
385 1651 623 1698 cupiditatibus
653 1653 736 1692 suis,
777 1660 807 1682 et
839 1659 892 1683 cat
920 1650 956 1682 in
985 1647 1214 1680 voluntatibus
1245 1646 1322 1680 suis.

187 1712 375 1757 culpabilis
401 1722 457 1752 est,
482 1727 558 1746 curn
585 1713 739 1745 aedificat
763 1726 847 1751 aras,
870 1721 902 1744 et
919 1702 1068 1743 victimas
1084 1708 1232 1754 imponit
1245 1709 1324 1742 dae-

186 1774 322 1815 moniis,
349 1784 382 1807 et
404 1784 569 1819 apparatu
593 1774 725 1817 magico
756 1773 866 1818 poscit
890 1772 1001 1805 divina
1025 1771 1190 1804 consulta.
1239 1769 1322 1802 Cul-

187 1835 310 1880 pabilis
334 1845 390 1875 est,
416 1849 494 1869 cum
520 1836 699 1871 consilium
722 1836 905 1880 pessimum
931 1835 1003 1873 (lat,
1026 1842 1065 1865 ut
1088 1832 1239 1877 populus
1264 1832 1322 1864 de·-

187 1897 330 1941 cipiatur
352 1911 415 1942 per
437 1887 596 1931 mulieres
614 1897 863 1937 Madianitidas,
879 1896 916 1940 ³)
938 1905 970 1929 et
987 1896 1115 1928 cultum
1135 1893 1322 1926 idolorum.

185 1946 314 1992 R'ursus
338 1960 518 1993 laudabilis
544 1959 742 1999 ostenditur,
766 1972 842 1992 cum
867 1959 1010 1991 verbum
1033 1955 1100 1989 Dei
1122 1955 1265 2000 ponitur
1288 1954 1323 1987 in

281 2098 316 2142 ¹)
340 2099 355 2131 1
381 2099 460 2133 cor.
484 2100 579 2143 xm,
603 2102 636 2136 8.

278 2155 314 2196 ²)
339 2155 353 2187 1
381 2155 505 2189 Joann.
532 2157 588 2197 w,
612 2158 664 2191 16.
689 2178 732 2184 -
755 2157 843 2190 Edd.
875 2156 1030 2190 merlini:
1063 2154 1141 2199 qnia
1174 2162 1206 2187 et
1228 2155 1322 2187 oeus
1370 2138 1380 2150 ‘

188 2209 219 2232 ct
244 2200 359 2233 caritas
385 2211 440 2241 est,
466 2210 498 2234 et
523 2201 675 2235 Christus
701 2212 758 2235 etc.

279 2258 314 2300 3>
339 2257 428 2289 Edd.
453 2257 610 2290 Merlini:
634 2258 848 2291 Madianitas.
