1427 2460
363 68 398 89 ῑΝ
422 58 599 89 NuMEuos
625 54 784 88 HowumA
806 56 881 87 XV.
967 63 978 72 ’
1131 55 1196 90 169

70 160 129 180 ore
147 146 226 192 ejus,
252 159 326 179 eum
346 145 487 189 Spiritus
512 143 577 176 Dei
601 144 637 176 fit
660 157 760 188 super
784 157 872 184 eum,
895 158 970 177 cum
995 145 1038 177 de
1055 143 1189 177 Christo

67 209 264 253 prophetat,
303 220 378 239 cum
409 205 546 238 Judaeis
577 214 607 238 et
637 205 788 247 gentibus
820 206 862 238 de
894 207 1040 239 adventu
1066 205 1189 239 Christi

69 246 228 314 m'steria
251 269 363 300 futura
386 267 598 311 pronuntiat,
623 280 700 299 cum
724 280 788 311 pro
812 266 1108 300 maledictionibus
1131 268 1192 300 he-

69 329 276 363 nedictiones
298 329 429 372 populo
453 328 600 370 largitur,
624 337 656 360 et
680 341 805 361 nomen
831 328 932 361 lsrael
955 341 1057 372 supra
1081 327 1192 361 visibi4
1220 322 1221 326 ¹

69 392 135 424 lem
165 391 304 432 gloriam
334 389 479 436 mysticis
512 388 639 422 extollit
670 389 820 434 eloquiis.
877 388 963 421 Cum
994 402 1072 431 ergo
1109 389 1194 422 haee

67 462 135 485 tam
161 451 287 485 diversa
319 452 360 484 de
392 464 431 484 eo
463 460 494 483 et
523 460 592 483 tam
617 451 705 483 varia
729 450 854 483 indicet
876 449 1042 494 scriptura
1069 450 1194 490 divina,

67 513 164 545 valde
186 512 269 546 mihi
293 512 430 545 difficile
453 512 584 545 videtur
614 525 653 544 ex
685 512 824 545 definito
853 520 998 544 statuere
1023 510 1091 554 eius
1115 524 1194 556 per-

67 587 197 614 sonam,
223 573 275 606 cui
298 586 368 606 non
392 574 503 606 solum
528 573 704 607 conveniat
727 573 788 606 ista
813 573 997 612 diversitas,
1023 585 1138 606 verum
1164 582 1197 606 et

67 635 152 668 illud
177 636 283 680 aptari
306 634 419 679 possit,
443 636 537 678 quod
560 636 631 680 ipse
656 635 698 667 de
723 643 827 667 semet
844 634 918 678 ipso
933 635 1022 666 velut
1045 635 1194 678 prophe-

67 706 139 743 tans
165 697 263 730 dicit:
286 696 472 736 „moriatur
487 696 519 735 Ι)
544 696 655 729 anima
679 709 754 729 mea
771 697 860 728 inter
879 695 1006 728 animas
1021 693 1198 740 justorum,

70 768 102 791 et
125 760 183 791 slat
205 770 317 790 semen
343 769 456 789 meum
481 755 565 789 sicut
593 770 706 790 semen
738 756 935 802 justorum.“
988 757 1057 789 Sed
1082 767 1113 790 et
1136 770 1199 802 per

69 819 260 851 Michaeam
290 818 491 862 prophetam
530 819 596 850 tale
628 819 670 851 de
706 831 746 850 eo
771 818 941 851 Dominus
969 819 1197 852 testimonium

69 879 241 924 perhibet,
265 878 324 911 ubi
349 879 446 912 dicit:
477 879 647 923 „populus
659 879 696 923 ²)
720 892 814 912 meus
838 879 919 924 quid
943 880 1007 912 feci
1030 879 1114 913 tibi?
1146 894 1199 913 re—

68 942 201 986 sponde
225 940 325 980 mihi,
361 940 437 984 quia
463 940 616 973 revocavi
639 940 720 984 te3)
745 941 787 973 de
809 950 897 974 terra
922 942 1080 988 Aegypti,
1105 951 1137 974 et
1161 955 1198 974 ex

72 1004 176 1036 domo
202 1001 365 1035 servitutis
388 1002 526 1034 liberavi
551 1011 593 1042 te,
617 1012 647 1034 et
671 1002 746 1035 misi
768 1011 847 1047 ante
869 1003 990 1036 faciem
1013 1014 1106 1036 tuam
1118 1003 1198 1036 Mo-

71 1077 148 1103 sen,
174 1066 308 1103 Aaron,
334 1072 366 1096 et
388 1062 544 1096 Mariam.
598 1063 750 1107 Populus
775 1077 869 1097 meus
894 1073 1083 1104 memento,
1117 1064 1200 1108 quid

73 1125 268 1166 cogitaverit
304 1124 479 1156 adversum
518 1133 551 1156 te
588 1124 717 1157 Balach
750 1139 806 1158 rex
830 1125 955 1164 Moab,
987 1135 1019 1157 et
1042 1125 1124 1170 quid
1148 1139 1201 1158 re·

72 1183 295 1230 sponderit&
323 1185 353 1217 ei
376 1185 516 1217 Balaam
540 1185 627 1219 filius
658 1185 768 1225 Beor,
799 1200 816 1219 a
844 1187 999 1220 funiculis
1025 1200 1130 1231 usque
1164 1187 1201 1219 in

75 1246 211 1289 Galgal,
232 1257 270 1278 ut
293 1255 529 1288 agnosceretur
551 1245 672 1290 justitia
702 1247 876 1280 Domini.“
934 1247 1091 1280 Ostendit
1121 1261 1200 1291 ergo

72 1321 134 1353 per
159 1308 258 1347 haee,
282 1307 377 1351 quia,
403 1317 441 1339 ut
472 1306 594 1352 justitia
627 1307 771 1341 Domini
794 1309 1094 1353 agnosceretur,⁵)
1116 1313 1202 1354 pro-

71 1379 185 1414 pterea
208 1369 265 1401 illa
292 1368 406 1401 omnia
430 1369 606 1412 respondit
629 1368 768 1402 Balaam
793 1369 881 1407 filius
905 1369 998 1403 Beor
1021 1371 1062 1404 ad
1088 1383 1200 1412 regem

72 1430 213 1470 Balach,
238 1442 323 1474 quae
345 1430 467 1474 scripta
491 1431 683 1463 referuntur
712 1430 748 1463 in
777 1431 882 1464 libris.
938 1432 983 1464 Et
1007 1432 1080 1476 quis
1105 1442 1203 1476 putas

73 1491 264 1525 invenietur
286 1491 371 1532 talis,
398 1491 454 1536 qui
468 1491 572 1535 possit
596 1504 632 1523 ex
655 1492 736 1536 ipsis
749 1493 914 1536 responsis
928 1493 1068 1525 Balaam
1090 1503 1202 1526 osten-

76 1555 165 1592 dere,
190 1554 282 1597 quod
309 1552 373 1585 Dei
399 1552 518 1598 justitia
544 1552 775 1586 manifestetur
796 1553 831 1586 iu
855 1554 918 1588 iis?
960 1554 1086 1587 Revera
1112 1555 1202 1587 enim

75 1613 102 1647 si
126 1627 236 1648 sermo
263 1615 329 1648 Dei
352 1602 481 1658 positus
502 1623 560 1649 ‘est
582 1614 618 1646 in
644 1627 703 1647 ore
727 1613 814 1660 ejus,
839 1624 870 1647 et
895 1614 1040 1659 Spiritus
1064 1615 1130 1648 Dei
1154 1616 1204 1647 fa-

78 1684 149 1708 ctus
174 1685 220 1709 est
242 1688 342 1720 super
365 1675 474 1714 illum,
499 1684 530 1707 et
550 1673 673 1720 justitia
696 1675 762 1707 Dei
779 1688 816 1708 ex
829 1676 996 1720 responsis
1017 1674 1086 1721 ejus
1099 1689 1203 1718 agno-

74 1735 182 1779 ·scitur
205 1746 236 1769 et
264 1736 512 1776 manifestatur,
547 1736 747 1769 omnimode
779 1749 864 1780 quae
895 1738 936 1770 ab
970 1750 1010 1769 eo
1036 1738 1205 1776 dicuntur,

77 1797 212 1830 nonnisi
236 1797 436 1842 prophetica
461 1806 492 1829 et
516 1797 625 1830 divina
650 1810 718 1830 esse
741 1798 909 1830 credenda
933 1808 1019 1831 sunt.
1074 1798 1204 1841 Quam·

78 1858 124 1892 vis
160 1859 296 1892 difficile
327 1859 450 1891 alicubi
472 1858 632 1903 scriptum
664 1858 879 1902 legamus,⁶)
916 1860 995 1902 quia
1024 1860 1130 1892 factus
1160 1869 1206 1892 cst

174 2004 208 2047 ¹)
232 2004 334 2037 Num.
357 2003 485 2043 XXIII,
509 2004 562 2037 10.
655 2002 691 2045 ²)
717 2002 819 2036 Mich.
844 2003 901 2043 VI,
923 2004 955 2038 3.
979 2005 1009 2037 4.
1033 2004 1062 2037 5.

173 2060 208 2102 ³)
232 2060 336 2092 Deest
357 2064 432 2099 ,‚te“
454 2059 490 2091 in
517 2059 568 2091 ed.
593 2058 711 2091 Ruaei.

172 2116 207 2159 ⁴)
226 2116 322 2148 'Edd.
346 2114 502 2148 Merlini:
526 2114 708 2160 respondit.

172 2171 206 2215 ⁵)
230 2172 320 2207 Edd.
344 2170 498 2204 Merlini:
524 2179 792 2212 cognosceretur.

172 2224 209 2271 ⁶)
235 2227 303 2261 cfr.
329 2228 343 2259 1
369 2228 459 2260 sam.
485 2227 579 2266 xlx,
602 2227 655 2261 23.
679 2227 713 2270 (J
737 2226 856 2270 Regg.)
