1427 2460
204 48 271 82 144
680 35 858 79 Omenms

206 146 294 178 sunt,
317 136 429 171 effecti
452 148 567 170 sumus
592 134 705 169 civitas
720 134 754 179 ¹)
779 134 898 174 Israel,
929 142 961 167 et
991 132 1180 169 haereditas
1208 145 1343 170 sancto-

205 213 300 232 rum:
331 199 358 232 si
385 207 499 231 tamen
523 197 658 242 penitus
681 195 789 230 excisa
820 205 869 229 est
899 195 935 229 in
966 195 1067 229 nobis
1097 205 1244 241 potestas
1273 198 1343 237 illa,

206 274 293 306 quae
316 260 409 305 prius
434 258 677 292 dominabatur
699 257 818 297 nobis,
848 267 880 291 et
904 257 1011 292 excisa
1035 267 1082 292 est
1106 259 1211 293 arbor
1232 258 1353 294 infru·-

207 333 341 361 ctuosa,
375 330 406 354 et
437 321 586 366 dejectus
610 329 658 353 est
680 333 738 353 rex
762 319 883 359 elatus,
908 329 941 352 et
963 333 1078 353 sumus
1101 321 1166 354 sub
1189 333 1231 354 eo
1255 332 1343 362 rege,

207 385 265 429 qui
290 382 388 416 dicit:
421 381 559 423 „discite
571 379 607 426 2)
639 395 657 414 a
688 394 765 422 me,
803 381 882 427 quia
905 381 994 416 mitis
1016 396 1110 423 sum,
1149 391 1182 416 et
1204 381 1343 417 humilis

207 446 344 479 corde.“
398 444 481 478 Post
512 444 603 480 haec.
619 443 787 486 sigillatim
811 442 880 489 jam
903 443 1048 478 civitates
1070 443 1210 490 superbi
1234 453 1267 478 et
1288 444 1342 478 in—

206 506 383 540 fructuosi
412 505 497 548 regis
543 514 737 546 enumerat,
777 514 809 538 et
839 503 935 538 dicit:
984 505 1051 546 „in
1069 504 1107 551 ³)
1138 505 1279 539 Esebon
1309 514 1342 539 et

204 570 240 603 in
266 568 424 611 omnibus
448 567 574 601 finibus
608 567 709 612 ejus.“
765 566 862 612 Quid
885 576 934 601 est
965 567 1053 608 hoc,
1092 568 1185 612 quod
1209 566 1341 613 praeci-

206 644 309 676 puam
341 631 463 664 urbem
495 631 538 663 de
569 642 674 672 regno
709 630 804 664 Seon
831 628 1023 663 nominavit
1055 628 1219 662 Esebon?
1257 629 1340 664 Ese-

205 694 278 725 bon
318 692 558 737 interpretatur
595 691 823 733 cogitationes.
887 690 1012 724 Merito
1055 703 1134 733 ergo
1168 703 1246 736 pars
1268 703 1342 724 ma-
1376 685 1401 699 ⁷

204 754 291 787 xima
314 755 409 797 regni
434 741 613 793 diabolici,
643 763 675 787 et
703 762 850 798 potestas
883 752 954 799 ejus
984 752 1133 798 plurima
1155 752 1191 786 in
1216 752 1342 796 cogita-

204 815 354 848 tionibus
380 825 505 858 regnat.
553 815 610 848 Sic
635 816 722 849 enim
750 815 832 848 dixit
855 824 887 848 et
909 814 1101 855 Dominus,
1125 814 1204 860 quia
1227 815 1292 855 „de
1302 813 1340 859 ⁴)
1391 843 1403 866 ,¹

204 878 310 910 corde
332 878 526 923 procedunt
550 877 768 919 cogitationes
792 878 913 917 malae,
935 875 1340 924 homicidiauadulteria,
1400 864 1403 874 ⁴

204 941 303 978 furta,
327 941 408 973 falsa
432 927 634 978 testimonia,
657 938 904 984 blasphemiae:
929 947 961 971 et
983 938 1044 973 ista
1055 946 1144 977 sunt,
1167 950 1254 982 quae
1278 951 1338 971 co-

202 1000 381 1045 inquinant
405 1000 613 1034 hominem.“
665 1000 709 1034 Et
739 1001 818 1033 ideo
848 999 1037 1034 necessario
1060 999 1256 1033 incenditur
1279 999 1339 1033 ista

204 1063 333 1102 civitas,
365 1072 398 1095 ct
420 1064 497 1105 igne
528 1062 687 1096 exuritur.
746 1061 829 1106 Quo
852 1060 953 1104 igne?
992 1061 1057 1094 Illo
1081 1062 1259 1107 profecto,
1295 1062 1339 1095 de

203 1137 273 1169 quo
299 1124 381 1157 dicit
403 1124 576 1157 Salvator:
607 1123 740 1164 „ignem
755 1122 792 1168 ⁵)
816 1120 893 1155 v'eni
915 1122 1050 1156 mittere
1071 1122 1108 1156 in
1131 1132 1277 1210 tet-rw,
1307 1133 1340 1157 et

203 1200 304 1231 quam
331 1186 409 1219 volo
434 1194 471 1218 ut
496 1184 737 1218 accendatur!“
1236 1226 1245 1234 ι

290 1248 322 1281 2.
347 1247 430 1280 Post
452 1259 562 1292 pauca
586 1255 699 1279 autem
724 1247 871 1280 refertur
894 1248 937 1281 de
958 1247 1032 1292 ipsa
1052 1246 1195 1281 civitate.
1230 1246 1340 1288 „Pro-

200 1319 276 1355 pter
291 1309 328 1353 ὃ)
352 1309 430 1347 hoc,
453 1307 582 1352 inquit,
614 1308 730 1341 dicent
759 1309 1026 1350 aenigmatistae:
1056 1309 1167 1342 venite
1196 1308 1239 1342 in·
1255 1309 1339 1344 Ese-

200 1372 284 1410 bon,
308 1379 345 1403 ut
368 1368 575 1408 aedificetur,
601 1378 632 1400 et
657 1377 872 1401 construatur
897 1368 1009 1402 civitas
1033 1370 1145 1403 Scon:
1171 1369 1337 1415 quoniam

200 1431 285 1475 ignis
313 1430 476 1476 processit
511 1431 553 1463 de
585 1429 739 1470 Esebon‚
779 1439 811 1463 et
839 1430 978 1463 flamma
1010 1431 1054 1464 de
1078 1430 1210 1464 civitate
1233 1431 1339 1473 Seon,

202 1491 504 1536 devoravifusque
528 1492 670 1525 Moab.⁴‘
716 1492 821 1531 Seon,
843 1499 882 1524 ut
907 1492 1067 1531 diximus,
1092 1501 1165 1526 erat
1185 1505 1254 1534 rex,
1276 1506 1336 1527 cu-

200 1554 252 1601 jus
277 1563 347 1588 erat
373 1553 484 1587 civitas
507 1553 655 1587 Esebon.
711 1553 768 1586 Sic
801 1565 881 1595 ergo
905 1553 1144 1595 intelligendus
1174 1564 1222 1589 est
1248 1556 1336 1589 ordo

201 1617 397 1658 verborum,
422 1614 516 1660 quasi
537 1614 652 1649 dicant
675 1614 728 1648 isti
744 1615 1011 1656 aenigmatistae:
1036 1615 1169 1656 Venite,
1191 1625 1231 1649 ut
1254 1629 1338 1650 con·
1388 1655 1390 1657 ¹

200 1687 368 1717 struatur,
399 1685 431 1710 et
463 1676 660 1709 aedificetur
689 1676 848 1717 Esebon,
889 1690 976 1722 quae
1006 1677 1072 1711 suit
1095 1676 1207 1711 civitas
1231 1677 1336 1712 Seon.

201 1740 270 1774 Sed
294 1738 506 1784 requiramus
529 1751 637 1778 nunc,
671 1737 729 1783 qui
751 1738 819 1772 sint
841 1737 893 1772 isti
924 1738 1184 1781 aenigmatistae.
1231 1739 1336 1774 Aeni·
1384 1740 1396 1761 ¹*

199 1814 276 1844 gma
300 1801 424 1834 dicitur
445 1813 557 1834 sermo
582 1801 751 1843 figuratus.
787 1800 1048 1843 Aenigmatistae
1070 1814 1149 1844 ergo
1165 1801 1337 1844 dicuntur,

199 1863 259 1906 qui
281 1860 466 1905 figuraliter
487 1863 685 1907 loquuntur.
734 1861 778 1895 Et
801 1862 873 1907 quis
899 1872 946 1896 est
961 1863 1055 1904 alius,
1079 1863 1138 1908 qui
1160 1863 1196 1897 in
1221 1863 1336 1907 figuris
1382 1859 1390 1878 ‘⁵

201 1923 335 1966 locutus
357 1922 409 1964 sit,
435 1922 499 1957 nisi
522 1924 574 1957 lex
600 1934 631 1957 et
654 1923 866 1969 prophetae?
912 1925 1004 1959 Audi
1029 1926 1130 1966 enim,
1155 1926 1333 1970 quomodo
1382 1919 1390 1926 ⁴

294 2067 329 2110 1)
353 2067 441 2101 Edd.
465 2068 624 2102 Merlini:
650 2069 803 2104 civitates.
899 2070 937 2113 ²)
961 2069 1083 2108 Matth,
1106 2071 1168 2113 XI,
1184 2072 1243 2112 29.

291 2123 328 2165 ³)
354 2124 454 2156 Num.
479 2123 576 2165 XXI,
599 2126 652 2159 25.

292 2177 328 2221 ⁴)
354 2177 422 2211 Csr,
449 2178 558 2216 Marc.
584 2181 655 2221 Vll,
679 2182 732 2215 21.
759 2184 810 2217 22.
834 2182 887 2217 23.

293 2234 330 2274 ξ)
353 2234 430 2267 Luc.
457 2233 534 2273 ΧΠ,
560 2236 612 2270 49,
708 2237 744 2279 5)
769 2239 867 2272 Numi
897 2238 987 2278 ΧΧΙ,
1011 2239 1063 2273 27.
1089 2240 1141 2273 28.
