1427 2460
200 58 268 92 202
701 55 878 89 Ommzms

203 146 337 193 quae¹)
368 146 403 179 in
433 158 549 178 eremo
583 154 678 185 sunt,
710 155 742 178 et
767 147 895 179 deserta
922 144 1000 178 Deo
1025 144 1171 186 negotia.
1217 143 1330 190 ,‚Et²)

200 204 283 238 dixit
306 203 446 237 Balaam
471 203 514 236 ad
537 200 685 234 Balach:
721 211 883 235 construe
905 201 990 234 mihi
1018 201 1074 234 hic
1096 210 1225 245 septem
1249 213 1333 240 aras,

198 275 230 299 et
253 268 306 299 fac
329 263 413 298 mihi
437 263 492 296 hic
514 272 641 308 septem
668 263 808 303 vitulos,
831 272 864 296 et
887 272 1016 309 septem
1041 263 1168 297 arietes.
1213 262 1258 296 Et
1281 261 1333 296 fe·-

199 328 242 361 cit
264 327 412 367 Balach,
437 325 524 359 sicut
548 325 629 359 dixit
652 325 682 358 ei
705 324 869 366 Balaam,
897 335 930 358 et
951 325 1076 359 obtulit
1107 324 1268 364 vitulum.
1300 333 1334 357 et

197 388 336 422 arietem
361 400 464 432 super
487 400 591 421 aram.
604 392 623 407 “
669 388 795 432 Aperta
822 386 961 432 quidem
984 386 1145 433 Apostoli
1169 385 1334 420 sententia

197 460 255 491 est,
279 451 436 484 dicentis:
462 463 573 494 „quae
590 449 626 493 ³)
652 449 740 482 enim
767 449 956 483 sacrificant
979 460 1109 492 gentes,
1134 447 1333 488 daemoniis,

196 523 229 546 et
252 526 324 546 non
357 513 434 545 Deo
457 511 687 544 sacrificant.“
741 511 810 544 Sed
844 520 875 544 et
897 512 1066 556 propheta
1097 510 1251 544 similiter
1279 509 1332 542 di-

195 575 257 608 cit:
281 574 575 614 „sacrificaverunt
590 572 626 616 ⁴)
657 573 858 615 daemoniis,
885 582 917 606 et
939 587 1012 606 non
1042 573 1152 606 Deo,“
1199 572 1330 605 Tamen

195 637 359 682 quoniam
385 646 416 669 et
440 636 491 668 lex
516 635 584 668 Dei
608 637 650 668 de
681 635 853 669 sacrificiis
878 634 1062 680 praecipit,
1096 644 1129 668 et
1151 634 1253 667 ritum
1278 647 1330 666 sa-

193 698 367 731 crificandi
391 699 494 731 tradit
516 697 594 731 filiis
620 697 732 736 Israel,
755 697 950 741 requiratur
975 696 1135 737 fortassis,
1161 710 1222 729 cur
1236 697 1332 736 haec,

191 774 270 793 cum
301 760 489 793 daemoniis
521 760 629 792 dicata
663 759 860 799 videantur,
900 759 1001 792 etiam
1033 759 1110 791 Deo
1147 756 1330 804 jubeantur

191 821 320 856 offerri.
372 822 417 854 Et
448 821 511 854 erit
542 821 681 865 quidem
714 821 855 865 simplex
889 831 920 854 et
951 821 1014 854 cita
1046 820 1244 864 responsiO,
1281 828 1329 859 ut,

191 885 485 930 quemadmodum
521 884 556 916 in
589 883 661 915 aliis
695 882 923 922 ostendimus,
961 883 1056 927 quod
1086 882 1241 915 libellum
1275 894 1328 914 re-

189 947 286 992 pudii
311 945 384 979 dari
408 959 481 978 non
505 945 572 977 Dei
596 945 777 977 voluntatis
802 945 882 984 fuit,
914 944 988 989 qui,
1020 945 1115 989 quod
1139 941 1327 988 conjunxe-

189 1016 256 1046 rat,
280 1005 392 1039 noluit
416 1007 575 1051 separari,
600 1007 658 1039 sed
683 1007 796 1040 Moses
822 1007 905 1039 haec
929 1006 1071 1051 proprie
1097 1007 1139 1038 ad
1165 1004 1326 1038 duritiam

189 1069 302 1102 cordis
333 1069 547 1101 Judaeorum
578 1068 725 1112 scripsit:
762 1068 805 1101 ita
837 1068 937 1101 etiam
978 1078 1011 1100 et
1044 1068 1086 1100 de
1120 1068 1187 1101 hoc
1220 1066 1327 1100 videri

186 1131 361 1177 possit,⁵)
386 1130 465 1174 quia
492 1130 600 1168 Deus.
630 1130 715 1163 sicut
738 1143 801 1173 per
825 1129 930 1162 alium
953 1130 1156 1174 prophetam
1192 1129 1326 1173 dicit,⁶)

184 1208 258 1228 non
281 1193 466 1226 manducat
492 1205 608 1225 carnes
632 1203 821 1231 taurorum,
844 1205 908 1224 nec
930 1190 1128 1233 sanguinem
1149 1190 1326 1224 hircorum

186 1266 291 1302 potat.
338 1255 382 1287 Et
405 1255 485 1288 item
509 1264 547 1286 ut
572 1253 653 1286 alibi
676 1254 838 1298 scriptum
865 1263 927 1287 est:
952 1252 1053 1298 „quia
1067 1251 1104 1297 ⁷)
1127 1266 1199 1287 non
1225 1267 1322 1286 man-

186 1318 261 1352 davi
284 1317 347 1350 tibi
372 1318 414 1350 de
437 1315 624 1355 sacrificiis,
650 1316 700 1348 vel
724 1314 881 1356 victimis,
912 1315 946 1348 in
973 1315 1043 1356 die,
1076 1331 1141 1361 qua
1168 1318 1267 1350 eduxi
1293 1326 1326 1350 te

186 1381 228 1413 de
252 1388 339 1412 terra
368 1378 543 1424 Aegypti.“
601 1377 669 1409 Sed
697 1377 809 1410 Moses
844 1377 927 1409 haec
952 1378 994 1410 ad
1026 1377 1185 1410 duritiam
1210 1378 1324 1411 cordis

185 1453 305 1474 eorum
331 1452 394 1483 pro
422 1438 668 1471 consuetudine
692 1437 853 1483 pessima,
890 1452 955 1483 qua
980 1438 1104 1472 imbuti
1129 1442 1263 1473 fuerant
1286 1440 1323 1473 in

183 1505 357 1549 Aegypto,
389 1500 562 1533 mandavit
593 1501 647 1533 iis:
685 1510 740 1539 ut,
777 1500 835 1544 qui
871 1501 1039 1533 abstinere
1067 1514 1103 1534 se
1133 1515 1208 1534 non
1238 1515 1322 1546 pos-

182 1564 303 1607 sentf’)
334 1564 376 1595 ab
410 1563 642 1601 immolando,
681 1562 759 1595 Deo
791 1562 928 1601 saltem,
963 1572 994 1595 et
1024 1576 1096 1595 non
1129 1564 1321 1597 daemoniis

181 1627 411 1659 immolarent.
460 1623 655 1656 Videndum
680 1633 793 1656 tamen
820 1633 884 1664 est,
910 1637 954 1656 ne
978 1625 1066 1657 forte
1088 1624 1130 1658 sit
1154 1634 1186 1657 et
1203 1626 1315 1671 aliqua

181 1687 393 1721 sacrificandi
419 1686 496 1719 Deo
523 1685 709 1724 occultior,
743 1699 780 1717 ac
804 1685 966 1718 secretior
988 1686 1087 1721 ratio.
1144 1688 1198 1720 Ne
1218 1688 1319 1728 forte,

180 1752 331 1795 inquam,
355 1746 519 1782 sacrificia
544 1761 630 1791 quae
655 1747 733 1780 Deo
760 1748 962 1787 offeruntur,
988 1748 1031 1780 ad
1056 1749 1319 1784 destructionem

179 1814 264 1845 siant
287 1825 408 1845 eorum
434 1809 692 1849 sacrificiorum,
718 1822 803 1853 quae
829 1809 1053 1844 daemonibus
1076 1810 1319 1848 immolantur:

272 1958 307 2002 ¹)
332 1958 421 1991 Edd.
447 1956 604 1990 Merlini:
630 1969 716 2000 quae
741 1956 864 1989 eremia
888 1966 966 1990 sunt
990 1966 1049 1989 etc.

272 2014 309 2057 ²)
335 2015 439 2046 Num.
464 2012 594 2050 XXIII,
617 2013 672 2046 29.
690 2012 744 2046 30.
841 2013 877 2057 ³)
900 2013 915 2046 I
941 2013 1021 2047 Cor.
1048 2012 1091 2053 X,
1114 2014 1168 2048 20.

273 2070 311 2113 ⁴)
336 2071 439 2103 Deut.
463 2068 612 2108 XXXII,
638 2069 690 2102 17.
843 2070 880 2114 ⁵)
903 2070 992 2103 Edd.
1015 2069 1174 2104 Merliui:
1205 2083 1314 2116 posse.

274 2125 312 2168 6)
337 2125 460 2159 Psalm.
485 2124 521 2162 L,
547 2125 598 2158 13.
623 2124 785 2169 (XLIX.)

274 2181 310 2225 ⁷)
335 2183 461 2217 Jerem.
488 2180 563 2218 VH,
587 2182 641 2214 2¹2..

272 2237 309 2281 ⁸)
335 2237 424 2270 Edd.
450 2235 606 2269 Mcrlini:
632 2236 769 2280 possint,
