1427 2460
206 82 274 118 296
690 81 866 114 Omossms

205 172 344 214 mundi,
366 173 402 206 id
426 183 492 213 est,
515 172 733 211 coelestium,
757 185 796 205 ac
820 173 1048 211 terrestrium,
1072 183 1104 206 et
1127 174 1356 208 infernorum*

206 234 502 280 purificationem:
525 234 611 273 vide,
643 233 775 278 quantis
800 234 971 276 indigeant
995 234 1198 268 ista-omnia
1223 235 1347 276 hostiis,
1374 256 1377 261 ·

209 305 356 341 quantos
387 295 563 340 requirant
589 294 730 334 vitulos,
762 305 906 339 quantos
938 296 1072 337 arietes,
1107 307 1252 341 quantos
1278 297 1347 331 hir-

211 371 280 391 cos.
327 357 397 391 Sed
428 366 461 390 et
491 357 527 391 in
560 358 611 391 his
636 356 796 390 omnibus
822 371 908 391 unus
935 367 983 391 est
1007 371 1129 400 agnus,
1166 359 1224 404 qui
1247 360 1349 393 totius

210 418 333 452 mundi
363 419 476 464 potuit
509 421 642 453 auferre
665 428 864 465 peccatum,
898 429 929 452 et
953 419 1031 453 ideo
1060 431 1272 454 cessaverunt
1296 434 1350 455 ce-

211 490 304 514 terae
336 480 484 516 hostiae:
524 481 602 526 quia
631 481 707 514 talis
741 481 823 514 haee
854 481 918 514 suit
950 482 1076 522 hostia,
1108 492 1146 515 ut
1176 496 1245 516 una
1274 482 1348 517 sola

210 543 381 577 sufficeret
403 556 468 587 pro
496 543 599 576 totius
623 542 745 575 mundi
768 544 886 577 salute.
935 543 1046 577 Ceteri
1079 544 1168 577 enim
1192 544 1352 589 precibus

211 614 362 649 peccata,
385 604 441 638 hic
464 606 556 638 solus
571 614 735 650 potestate
752 603 884 638 dimisit.
919 606 1064 638 Dicebat
1089 605 1197 639 enim:
1221 605 1301 646 ‚‚fili‚
1318 605 1352 649 ¹)

211 666 349 701 remissa
377 676 457 701 sunt
485 667 547 700 tibi
576 676 713 712 peccata
738 671 826 700 tua.“
875 668 932 701 Sic
957 681 1036 710 ergo
1062 666 1227 700 imbuitur
1249 680 1351 700 mun-

214 730 296 769 dus,
330 730 446 774 primo
488 743 551 774 per
590 729 734 762 diversas
767 728 892 763 hostias
922 730 1155 763 remissionem
1189 742 1352 774 quaerere

211 801 452 836 peccatorum,
477 791 589 824 donec
612 792 723 824 veniat
747 792 789 824 ad
816 791 967 824 hostiam·
986 793 1191 836 perfectam,
1221 792 1264 824 ad
1289 791 1352 824 ho-

212 852 311 886 stiam
336 863 625 894 consummatam,
663 866 787 895 agnum
813 853 1028 894 anniculum,
1064 855 1269 898 perfectum,
1295 852 1354 896 qui

213 914 314 948 tollat
350 925 487 959 peccata
517 916 620 948 totius
652 914 792 947 mundi:
831 928 892 959 per
924 928 1024 959 quem
1058 914 1248 947 festivitates
1279 922 1354 956 agat

214 975 423 1021 spirituales,
452 990 524 1009 non
558 978 601 1010 ad
633 976 819 1010 satietatem
847 975 975 1015 earnis,
1008 977 1067 1009 sed
1092 976 1134 1008 ad
1160 977 1352 1021 profectum

213 1038 348 1083 spiritus
371 1038 541 1072 sacrificiis
562 1038 798 1084 spiritualibus.
820 1037 1060 1082 purificatione
1084 1038 1206 1071 mentis
1222 1036 1353 1070 oblatis.

213 1099 324 1132 Decet
354 1102 446 1133 enim
475 1100 553 1133 Deo
584 1099 759 1132 immolari
784 1098 951 1131 victimam
982 1099 1113 1139 cordis,
1149 1108 1178 1131 et
1210 1099 1353 1137 hostiam

215 1161 436 1194 contribulati
471 1161 624 1206 spiritus,
666 1174 735 1194 non
778 1160 885 1193 carnis
924 1170 955 1193 et
991 1160 1160 1203 sanguinis
1191 1159 1355 1206 jugulari:

217 1222 295 1268 quia
325 1223 414 1264 „etsi
430 1223 479 1268 ²)
506 1223 705 1264 agnovimus
737 1221 909 1254 Christum
947 1223 1134 1266 aliquando
1165 1223 1354 1255 secundum

216 1297 373 1318 carnem:
395 1285 455 1317 sed
478 1298 569 1317 nunc
596 1283 663 1330 jam
689 1297 762 1317 non
786 1283 988 1317 novimus:“
1018 1294 1050 1317 et
1072 1284 1151 1317 ideo
1177 1284 1212 1317 in
1235 1284 1354 1329 spiritu

215 1346 307 1379 diem
337 1347 461 1380 festum
493 1358 648 1387 agamus,
684 1355 717 1379 et
744 1345 930 1390 spiritualia
960 1345 1123 1379 sacrificia
1154 1345 1355 1390 jugulemus.

215 1407 310 1441 Haec
341 1421 406 1452 pro
432 1407 557 1441 viribus
588 1406 710 1440 nostris
736 1407 777 1439 de
803 1406 993 1440 diversitate
1015 1406 1260 1440 sacrificiorum
1287 1407 1355 1440 dis-

218 1482 313 1503 cussa
344 1469 428 1509 sint,
459 1482 607 1513 quorum
641 1469 683 1501 ad
715 1467 883 1512 liquidum
916 1467 1170 1510 intelligentiam
1202 1468 1262 1502 scit
1286 1469 1355 1509 ille,

216 1531 271 1564 cui
301 1531 394 1567 nuda
428 1539 461 1564 et
483 1531 627 1563 revelata
658 1538 737 1563 sunt
762 1528 895 1569 omnia,
927 1542 989 1562 nec
1023 1538 1071 1563 est
1101 1530 1170 1563 ulla
1203 1539 1354 1564 creatura

216 1591 251 1626 in
279 1601 463 1638 conspectu
488 1590 557 1638 ejus
580 1591 764 1626 invisibilis.

306 1656 341 1689 2.
363 1654 452 1687 >Post
476 1654 559 1686 haec
585 1662 744 1686 votorum
770 1654 820 1686 lex
844 1652 996 1697 ponitur,
1021 1663 1053 1686 et
1073 1667 1164 1687 novo
1182 1653 1352 1699 principio

219 1714 325 1748 utitur
354 1716 389 1748 in
423 1716 486 1748 hac
517 1714 724 1756 legislatione
754 1714 880 1748 Moses.
933 1714 991 1748 Ait
1023 1715 1130 1748 enim:
1162 1715 1355 1760 „h0mo‚³)

219 1778 327 1810 homo
352 1776 548 1822 quicunque
572 1776 698 1810 voverit
722 1785 837 1809 votum
864 1776 1052 1809 Domino.“
1100 1776 1200 1820 Quae
1224 1786 1272 1810 est
1295 1777 1353 1810 ista

219 1838 396 1883 repetendi
419 1837 568 1872 nominis
582 1838 619 1882 ἰ)
645 1837 765 1871 causa?
814 1837 920 1880 Quasi
942 1851 1014 1870 non
1032 1839 1202 1872 sufficeret
1217 1839 1353 1873 dixisse:

221 1900 327 1933 homo
354 1899 412 1945 qui
437 1899 566 1932 voverit
589 1899 899 1939 votumDomino.
947 1898 1040 1943 Quid
1067 1908 1115 1932 est
1139 1913 1236 1942 ergo,
1260 1902 1353 1944 quod

222 1961 281 1993 ait:
305 1960 434 2002 „bomo
459 1961 612 1994 homo:“
639 1970 671 1993 et
695 1960 776 2005 quid
802 1960 864 1993 sibi
889 1961 968 1993 velit
986 1960 1191 2003 ingeminata
1206 1961 1354 1995 hominis

223 2022 426 2067 appellatio,
469 2035 541 2056 non
586 2022 670 2056 mihi
714 2022 845 2055 silentio
889 2024 1175 2066 praetereundum
1212 2023 1354 2056 videtur.

317 2206 352 2251 ¹)
378 2207 498 2240 Matth.
526 2209 585 2248 IX,
607 2209 638 2242 2.
734 2209 769 2253 ²)
796 2209 824 2240 H
842 2209 922 2242 Cor.
949 2209 990 2250 V,
1014 2211 1065 2244 16.

314 2262 350 2306 ³)
376 2263 476 2296 Num.
502 2263 615 2303 XXX,
639 2266 668 2298 3.
768 2261 804 2307 ι)
828 2264 915 2297 Edd.
942 2264 1096 2298 Merlini:
1122 2264 1279 2299 hominis.
