1427 2460
235 85 280 121 78
713 84 891 119 Omcssms

233 174 295 208 filii
319 174 423 208 Israel
447 175 624 208 adversum
647 173 771 208 Mosen
796 183 829 207 et
852 175 980 215 Aaron,
1005 172 1171 208 dicentes:
1198 186 1258 208 vos
1282 173 1376 208 occi-

234 237 327 270 distis
351 236 521 281 populum
546 234 700 269 Domini.
745 236 791 269 Et
814 237 941 270 factum
968 245 1025 276 est,
1050 248 1128 269 cum
1151 236 1297 269 irrueret
1319 248 1375 282 sy-

231 312 362 342 nagoga
386 311 489 343 super
510 297 636 329 Mosen
660 305 692 329 et
714 297 844 337 Aaron,
866 297 900 330 in
924 298 1055 342 impetu
1076 298 1235 338 fugerunt
1257 297 1302 330 ad
1323 306 1375 330 ta-

232 360 458 394 bernaculum
481 358 674 392 testimonii.
723 358 812 391 lllud
835 371 916 391 vero
943 358 1071 392 obtexit
1093 359 1220 398 nubes,
1251 368 1283 392 et
1312 371 1374 404 ap-

232 421 346 468 paruit
368 420 523 465 majestas
546 420 707 461 Domini;
737 429 770 453 et
798 419 949 453 introivit
979 420 1092 454 Moses
1124 429 1155 453 et
1185 420 1304 469 Aar‘on
1327 419 1372 453 ad

232 483 353 517 faciem
377 482 588 519 tabernaculi
609 480 828 514 testimonii.“
890 481 969 515 Non
995 482 1136 524 legimus
1161 491 1267 522 antea,
1293 480 1372 526 quia

235 545 400 578 obtexerit
422 544 530 578 nubes
554 543 822 583 tabernaculum,
848 552 879 576 et
903 543 1097 588 apparuerit
1120 542 1275 590 majestas
1294 544 1370 576 Do-

233 606 327 645 mini,
353 615 384 638 et
406 606 572 650 receperit
594 605 681 638 intra
704 606 833 644 nubem
848 605 972 638 Mosen
989 614 1021 637 et
1037 606 1163 645 Aaron,
1188 604 1253 638 nisi
1269 617 1372 644 nunc,

235 682 313 702 cum
337 668 517 701 insurrexit
532 668 565 711 1)
588 667 623 700 in
648 679 704 700 eos
729 666 898 711 populus,
931 675 964 699 et
987 666 1139 711 lapidare
1165 679 1221 700 eos
1253 666 1372 700 voluit.

233 730 414 764 Discamus
444 742 482 763 ex
512 730 596 769 hoc,
635 738 760 774 quanta
790 728 832 761 sit
861 728 984 762 utilitas
1014 729 1049 761 in
1078 728 1372 773 persecutionibus

235 790 442 831 Christianis,
465 801 630 836 quantum
655 791 779 833 gratiae
802 792 1012 831 conferatur,
1037 791 1214 835 quomodo
1239 802 1371 835 propu-

233 862 355 896 gnator
378 853 416 886 iis
441 853 500 886 fiat
524 853 636 893 Deus,
665 854 843 898 quomodo
870 853 1084 886 abundanter
1105 860 1239 885 sanctus
1264 850 1373 896 Spiri-

231 924 286 948 tus
308 915 520 950 infundatur.
556 914 656 948 Tunc
673 914 762 948 enim
775 914 920 948 maxime
944 912 1048 956 gratia
1071 912 1138 946 Dei
1162 915 1266 954 adest,
1291 925 1371 946 cum

232 978 414 1010 hominum
443 977 579 1010 saevitia
614 976 820 1010 concitatur:
863 985 895 1009 et
933 985 1013 1009 tunc
1048 988 1167 1020 pacem
1205 975 1371 1008 habemus

234 1040 326 1084 apud
351 1039 484 1078 Deum,
516 1052 593 1071 cum
625 1039 667 1071 ab
700 1037 899 1071 hominibus
929 1046 1072 1082 propter
1097 1036 1257 1083 justitiam
1280 1036 1372 1069 bella

232 1100 452 1146 perpetimur.
512 1099 651 1144 „1jbi²)
684 1099 774 1133 enim
811 1099 996 1131 abundavit
1024 1107 1219 1143 peccatum,
1253 1110 1373 1142 super-

234 1162 468 1207 abundavit3)
494 1171 526 1194 et
550 1162 687 1205 gratia.“
735 1160 928 1205 Adoperuit
953 1173 1031 1202 ergo
1058 1173 1116 1193 eos
1139 1161 1246 1193 nubes
1258 1159 1370 1192 taber-

232 1225 356 1264 naculi,
381 1220 412 1257 et
434 1223 532 1257 irruit
555 1236 723 1271 synagoga
746 1235 849 1268 super
872 1221 994 1255 Mosen
1029 1230 1062 1254 et
1085 1222 1220 1262 Aaron,
1257 1230 1290 1254 et
1313 1234 1374 1265 ap-

233 1287 346 1331 paruit
370 1285 477 1328 gloria
501 1285 656 1319 Domini.
712 1285 874 1329 Quamvis
903 1283 1016 1326 mag-ni
1046 1282 1112 1317 sint
1144 1282 1229 1316 vitae
1250 1282 1373 1316 merito

231 1348 347 1381 Moses
373 1356 406 1380 et
428 1348 563 1387 Aaron,
593 1345 742 1391 quamvis
773 1345 878 1379 animi
905 1344 1084 1378 virtutibus
1106 1346 1276 1390 polleant,
1308 1357 1373 1388 ap·-

233 1422 353 1454 parere
375 1419 488 1442 tamen
512 1408 552 1441 iis
576 1409 642 1441 Dei
666 1408 772 1450 gloria
797 1421 869 1441 non
893 1406 1074 1451 potuisset,
1108 1406 1174 1440 nisi
1197 1406 1232 1439 in
1255 1419 1370 1450 perse-

234 1470 443 1510 cutionibus,
472 1472 507 1503 in
530 1469 825 1509 tribulationibus,
854 1469 890 1501 in
914 1468 1091 1514 periculis,
1117 1477 1217 1513 atque
1240 1467 1276 1500 in
1300 1467 1372 1512 ipsa

231 1546 320 1578 pene
344 1541 453 1564 morte
476 1530 545 1577 jam
570 1532 699 1576 positis.
755 1531 799 1564 Et
822 1541 858 1564 tu
883 1544 961 1572 ergo
986 1543 1059 1563 non
1082 1540 1180 1575 putes
1203 1529 1263 1564 tihi
1289 1531 1372 1563 dor·
1407 1537 1413 1575 ᾗ

232 1594 351 1627 mienti
380 1603 410 1627 et
441 1593 553 1626 otioso
578 1606 742 1638 apparere
773 1606 872 1638 posse
897 1592 1038 1635 gloriam
1063 1592 1140 1625 Dei.
1197 1594 1266 1625 Aut
1296 1605 1370 1625 non
1411 1618 1414 1630 ἶ

234 1666 266 1688 et
290 1656 416 1688 Paulus
441 1655 614 1700 apostolus
645 1655 679 1688 in
712 1655 750 1688 iis
775 1654 843 1687 Dei
872 1655 1015 1697 gloriam
1040 1653 1202 1698 consequi
1225 1651 1372 1686 meruit?
1408 1665 1414 1681 ἰ

232 1718 358 1750 Nonne
380 1730 483 1761 super
507 1729 624 1758 omnes
650 1726 778 1750 ceteros
805 1725 979 1749 enumerat
1009 1728 1044 1749 se
1076 1716 1112 1748 in
1138 1714 1368 1749 tribulationi·
1410 1707 1427 1754 j¹

232 1779 314 1819 bus,
352 1779 388 1812 in
413 1778 680 1817 necessitatibus,
715 1778 752 1811 in
777 1779 966 1811 carceribus
990 1779 1107 1817 fuisse,
1144 1776 1244 1821 ter4)
1270 1775 1370 1819 virgis
1409 1780 1414 1802 5

233 1854 378 1882 caesum,
403 1841 506 1874 semel
530 1839 718 1884 lapidatum
743 1853 829 1879 esse,
852 1839 1024 1881 naufragia
1049 1838 1245 1884 pertulisse,
1279 1837 1370 1883 peri-
1411 1853 1417 1884 Ἀ

232 1903 307 1935 cula
331 1902 442 1943 maris,
465 1901 616 1946 pericula
634 1901 824 1942 fluminum,
849 1900 998 1946 pericula
1019 1902 1204 1942 latronum,
1217 1900 1369 1947 pericula
1400 1903 1417 1939 χ’

326 2024 362 2068 ¹)
386 2024 473 2057 Edd.
499 2023 652 2057 Merlini:
675 2023 902 2058 insurrexerit.

323 2080 361 2122 ²)
386 2080 490 2114 Rom.
512 2079 552 2119 V,
576 2081 630 2114 20.

323 2135 361 2178 3)
385 2134 477 2166 Libri
502 2135 580 2168 editi
604 2135 651 2179 (v.
678 2148 706 2170 c.
735 2136 814 2170 edd.
836 2135 924 2180 M.):
954 2136 1300 2181 ‚‚superabundabit.“
1324 2136 1364 2170 R.

324 2189 361 2232 ⁴²)
386 2190 442 2223 Sic
466 2191 593 2224 habent
619 2204 735 2224 omnes
758 2192 838 2225 Mss.
861 2191 955 2224 Male
979 2201 1111 2231 autem,
1135 2191 1264 2226 omissis
1287 2191 1365 2225 reli-

231 2235 314 2288 quis3
339 2234 419 2268 libri
444 2235 523 2312 0εέἰίῐί
549 2238 595 2280 (v.
619 2250 645 2269 c.
663 2237 740 2270 edd.
756 2237 841 2280 M.):
871 2246 943 2277 „ter
965 2237 1154 2282 lapidatum
1177 2250 1255 2280 esse,
1279 2250 1364 2270 nau-

231 2284 355 2324 ἡδὲ-ἰεῦ*
382 2290 442 2314 etc.
502 2305 508 2311 .
