1427 2460
366 57 402 80 m
425 47 601 80 Nummos
626 45 783 79 HomuA
802 45 892 79 XVI.
1126 46 1192 80 185

70 136 135 177 tbi,
159 137 293 170 dicens:
315 148 421 177 surge,
446 144 476 168 et
500 135 583 168 vade
606 134 641 167 in
665 133 811 168 Niniven
835 133 999 168 civitatem
1026 147 1193 177 magnam,

71 207 104 231 et
126 198 283 243 praedica
306 197 339 229 in
366 209 414 236 ea,
436 196 514 240 quia
538 196 711 230 adscendit
735 197 865 230 clamor
887 196 1031 230 malitiae
1054 195 1125 242 ejus
1149 198 1192 230 ad

69 264 157 304 ‘mest‘
203 260 247 292 Et
269 267 487 303 posteaquam
513 267 733 302 praeceptum
759 267 806 291 est
830 267 922 298 ceto,
955 267 986 291 et
1011 257 1106 303 ejecit
1128 259 1192 292 102-

71 333 149 353 narn
180 320 216 353 iu
245 328 387 359 terram,
420 320 542 352 iterum
566 320 727 364 scriptum
752 329 814 352 est:
850 319 959 362 „et¹)
994 320 1119 352 factum
1145 328 1193 352 est

70 382 209 415 verbum
240 379 384 414 Domini
415 382 456 413 ad
489 381 613 413 Jonam
646 382 814 421 secundo,
853 381 983 414 dicens:
1024 394 1120 423 surge
1161 390 1194 413 et

69 443 153 475 vade
176 441 211 475 in
234 441 377 476 Niniven
404 441 568 476 civitatem
594 455 760 484 magnam,
785 452 815 476 et
839 442 998 487 praedica
1023 441 1058 475 in
1083 455 1121 474 ea
1140 455 1192 475 se-
1224 475 1226 477 ,

69 504 219 537 cu'ndum
244 503 547 548 praedicationem,
587 517 687 548 quam
719 517 779 547 ego
804 505 939 537 locutus
962 517 1036 537 sum
1062 503 1105 537 ad
1128 507 1193 536 te.“

68 565 111 598 Et
142 566 248 598 Jonas
280 564 416 610 quidem
447 564 744 609 ‚,praedicavit,²)
783 575 813 598 et
845 564 942 598 dixit:
976 564 1088 597 adhuc
1126 573 1192 597 tres

68 627 169 667 dies,·‘
193 627 256 666 veh
280 636 316 659 ut
339 626 486 659 Hebraei
510 627 633 659 habere
658 639 692 660 se
715 626 878 671 scriptum
904 625 1035 658 dicunt:
1059 625 1193 665 „adhue

69 687 289 733 quadraginta
312 687 392 728 dies,
417 697 449 720 et
471 686 592 720 Ninive
616 688 816 721 destruetur.
863 686 935 720 Viri
960 696 1070 720 autem
1095 685 1193 719 Nini-

67 749 153 782 vitae
179 749 396 782 crediderunt
419 747 454 781 in
478 748 573 787 Deo,
599 758 630 781 et
654 749 933 792 praedicaverunt
955 746 1132 793 jejunium,
1161 756 1193 779 et

66 811 253 844 induerunt
282 823 317 843 se
341 809 472 849 ciliciis,
512 823 528 842 a
554 809 688 843 minore
711 823 816 854 usque
841 810 883 842 ad
906 808 1072 855 majorem
1097 808 1191 853 ipso-

67 875 176 905 rum.“
222 871 266 903 Et
289 879 367 914 post
388 884 514 916 pauca:
548 881 608 911 „et
620 870 656 915 ³)
681 870 763 904 vidit
787 871 898 910 Deus,
927 870 1055 915 inquit,
1089 883 1193 916 opera

67 943 200 971 eorum,>
223 932 299 978 quia
325 933 475 966 conversi
499 942 577 965 sunt
600 946 617 965 a
642 932 701 966 viis
725 931 791 966 suis
808 931 914 971 malis,
940 941 970 964 et.
991 932 1193 977 poenituit,“

67 995 129 1034 vel,
153 1004 190 1028 ut
212 995 247 1028 in
273 994 343 1028 aliis
358 994 602 1039 exemplaribus
621 994 776 1035 legimus:
800 995 1021 1038 „deprecatus
1038 1002 1085 1027 est
1099 993 1194 1025 Deus

67 1070 168 1102 super
183 1056 360 1095 malitiam,
386 1068 486 1099 quam
502 1056 636 1088 locutus
661 1063 707 1088 est
728 1056 840 1088 facere
862 1055 910 1094 iis,
936 1064 967 1087 et
990 1068 1061 1087 non
1086 1053 1195 1087 fecit.“

70 1118 221 1152 Observa
246 1116 345 1159 igitur
367 1116 402 1149 in
426 1117 475 1155 iis,
500 1129 587 1160 quae
602 1116 815 1149 assumsimus
842 1117 883 1148 de
898 1116 1078 1160 propbeta,
1101 1116 1195 1160 quod

70 1193 142 1212 non
165 1178 333 1212 invenitur
356 1177 390 1210 in
415 1177 627 1210 sermonibus
650 1177 733 1216 Dei,
765 1176 886 1221 quibus
919 1178 960 1210 ad
991 1177 1194 1221 prophetam

69 1242 203 1273 locutus
227 1249 286 1279 est,
311 1239 455 1278 dictum,
492 1237 570 1282 quia
593 1236 783 1280 ‚,adhuc⁴)
806 1247 871 1271 tres
897 1238 984 1275 dics,
1019 1247 1050 1271 et
1074 1237 1195 1271 Ninive

68 1303 303 1334 destruetur:“
336 1300 395 1332 sed
427 1300 533 1332 Jonas
565 1312 641 1331 cum
673 1299 920 1341 ingrederetur,
955 1299 1082 1343 inquit,
1117 1299 1196 1331 civi-

66 1361 217 1404 tatcm⁵)
240 1360 357 1405 „quasi
380 1360 442 1393 iter
465 1360 597 1393 dierum
620 1360 733 1398 trium,
764 1360 836 1404 ipse
857 1360 954 1393 dixit:
981 1360 1059 1404 quia
1081 1360 1194 1393 adhuc

68 1433 133 1457 tres
159 1423 247 1462 dies,
272 1431 302 1455 et
325 1421 445 1454 Ninive
467 1422 722 1455 subvertetur:“

745 1430 784 1453 ut
801 1435 912 1456 sermo
933 1421 1008 1461 iste,
1032 1421 1089 1465 qui
1113 1421 1196 1455 scri-

68 1495 147 1530 ptus
172 1493 236 1523 est,
263 1492 294 1515 et
318 1496 388 1515 non
416 1492 461 1516 est
485 1484 612 1522 sactus,
637 1496 655 1516 a
677 1482 765 1515 Jona
790 1482 921 1527 potius,
947 1495 1047 1526 qnam
1074 1496 1092 1516 a
1117 1483 1194 1516 Deo

67 1547 218 1592 prolatus
244 1558 312 1578 esse
335 1544 494 1579 videatur.
553 1544 622 1577 Sed
647 1554 679 1577 et
702 1545 744 1578 de
766 1544 918 1577 secundo
942 1542 1032 1576 libro
1058 1543 1195 1585 Regno-

69 1621 144 1641 rum
167 1608 380 1652 proferamus
405 1619 491 1650 quae
515 1605 637 1650 scripta
662 1615 756 1645 sunt,
780 1605 857 1644 ubi,
891 1618 968 1639 cum
993 1605 1103 1638 David
1128 1619 1190 1650 po-

67 1670 188 1714 pulum
212 1676 430 1706 numerasset,
453 1666 642 1710 ,‚factum⁵)
667 1675 724 1706 est,
747 1667 867 1711 inquit,
891 1669 1031 1699 verbum
1049 1666 1193 1701 Domini

69 1731 113 1764 ad
139 1730 215 1762 Gad
239 1729 440 1774 prophetam
464 1728 658 1774 videntem,
692 1729 821 1762 dicens:
854 1729 956 1766 vade,
992 1737 1023 1760 et
1052 1729 1195 1772 loquere

69 1793 112 1825 ad
143 1790 273 1824 David:
309 1790 390 1823 haec
424 1790 505 1822 dicit
531 1790 717 1823 Dominus:
762 1791 824 1823 tria
858 1803 918 1832 ego
945 1790 1064 1834 levabo
1094 1803 1196 1834 super

69 1863 118 1894 te,
143 1853 225 1895 elige
249 1851 310 1884 tibi
335 1864 371 1883 ex
396 1850 435 1884 iis
458 1864 575 1890 unum,
600 1851 692 1895 quod
718 1850 836 1883 faciam
862 1849 933 1883 tibi.
980 1849 1023 1882 Et
1046 1849 1195 1883 introivit

166 1995 201 2040 ¹)
225 1997 305 2031 Jon.
331 1996 387 2037 111,
413 1997 485 2032 1.2.
510 2016 553 2021 —
577 1996 665 2029 Edd.
698 1995 835 2031 Merlini
848 1996 1082 2032 abundanter:
1108 2003 1140 2028 et
1164 2004 1195 2028 et

69 2044 195 2076 factum
222 2051 270 2074 est
293 2051 353 2075 etc.

164 2097 201 2140 ²)
226 2097 305 2130 Jon.
330 2097 390 2135 ΙΙΙ,
413 2097 444 2131 4.
469 2098 500 2130 5.
707 2097 743 2140 3)
767 2097 848 2130 Jon.
874 2096 933 2137 ΙΙΙ,
958 2099 1009 2132 10.

165 2154 202 2196 4)
228 2153 298 2186 Cfr.
323 2154 404 2187 Jon.
430 2153 488 2193 ΙΙΙ,
511 2155 541 2189 4.
705 2151 740 2196 ⁵)
768 2153 838 2186 Cfr.
861 2152 942 2186 Jon.
968 2153 1026 2194 ΙΙΙ,
1047 2155 1079 2187 3.
1102 2153 1135 2191 4.

164 2208 200 2254 ⁶)
226 2210 254 2241 Η
280 2209 370 2243 Sam.
395 2209 522 2248 XXIV,
548 2209 703 2244 11—16.
727 2209 776 2253 (ll
804 2209 922 2256 Regg.)
