1427 2460
218 130 264 166 52
694 127 873 162 Omenms

219 233 291 254 sam
316 217 459 258 duxerit,
483 226 516 250 et
538 217 649 250 aiunt:
682 217 873 262 „numquid
888 216 924 262 ¹)
946 216 1010 251 soli
1033 215 1127 251 Mosi
1149 211 1284 250 Iocutus
1308 226 1357 251 cst

220 279 420 314 Dominus?
466 280 594 312 Nonne
618 288 650 312 ct
672 279 773 312 nobis
796 280 929 313 locutus
955 278 1025 313 est?
1069 278 1114 311 Et
1137 278 1280 319 audivit,
1301 278 1355 311 in-

221 343 303 388 quit,
327 340 534 374 Dominus.“
587 341 633 373 Et
656 349 734 384 post
756 341 838 372 haec
863 339 958 385 jubet
983 353 1040 373 eos
1066 339 1153 373 exire
1177 341 1219 374 ad
1243 341 1357 374 taber-

220 403 381 436 naculum
409 401 604 442 testimonii,
629 411 730 446 atque
753 401 801 434 ibi
826 401 953 447 judicio
979 402 1132 446 quodam
1156 401 1285 441 habito,
1307 402 1357 434 le-

219 479 320 510 prosa
346 464 491 497 efficitur
514 463 622 496 Maria
647 476 756 508 usque
780 464 822 496 ad
848 472 977 496 certum
999 472 1150 507 tempus,
1176 472 1207 496 et
1230 461 1276 495 sic
1300 474 1354 494 re-

219 536 360 560 vocatur
385 527 427 559 ad
458 535 572 558 castra.
630 524 735 568 Quod
767 534 804 556 ut
837 523 1112 569 compendiosius
1143 524 1357 568 explicemus,

220 587 367 621 Mariam
394 587 535 620 dicimus
560 588 708 620 sormam
735 586 890 619 habuisse
915 586 1023 630 plebis
1047 586 1188 630 prioris;
1218 586 1354 624 Mosen.

219 649 255 682 id
281 659 344 688 est,
369 651 476 692 legem
500 648 644 681 Domini
677 649 832 682 transisse
856 648 899 680 ad
924 642 1135 680 connubium
1161 647 1355 692 Aethiopis-

220 724 276 744 sae
301 709 418 756 hujus,
451 723 538 755 quae
570 723 608 742 ex
633 711 786 751 gentibus
812 718 1012 752 congregata
1037 719 1093 742 est.
1149 708 1249 741 Hanc
1274 721 1353 750 ergo

220 772 346 811 Moses,
369 772 405 805 id
430 781 486 812 est,
511 772 562 804 lex
587 771 769 816 spiritualis
794 771 922 816 accepit
945 784 1106 804 uxorem:
1144 779 1176 803 et
1199 783 1262 815 pro
1288 769 1356 802 hoc

219 835 311 867 facto
336 834 458 872 Maria,
483 846 570 877 quae
593 846 684 866 nunc
708 845 874 879 synagoga
899 841 960 872 est,
992 832 1202 874 indignatur,
1240 840 1273 864 et
1297 831 1357 864 de-

220 895 334 936 trahit,
356 908 424 928 una
449 907 527 927 cum
553 894 681 934 Aaron,
705 908 781 927 cum
806 893 1039 928 sacerdotibus
1062 893 1188 927 scilicet
1212 901 1243 925 et
1263 892 1356 925 Pha-

220 955 341 990 risaeis.
394 956 548 998 Derogat
583 968 662 998 ergo
695 969 802 1000 usque
834 955 869 988 in
894 955 1101 988 hodiernum
1123 954 1217 987 Mosi
1239 952 1357 986 nobis-

222 1030 300 1050 cum
324 1017 435 1062 posito
461 1017 557 1062 plebs
580 1016 650 1056 illa,
673 1025 704 1049 et
726 1025 827 1062 turpe
852 1017 882 1050 ei
905 1018 1047 1057 videtur,
1072 1015 1149 1061 quia
1176 1014 1356 1048 circumci-

221 1078 352 1112 sionem
382 1079 491 1112 carnis
523 1090 595 1111 non
626 1078 728 1110 docet
751 1080 843 1123 apud
867 1091 950 1119 nos,
987 1091 1051 1111 nec
1083 1076 1355 1110 observationem

219 1139 360 1180 sabbati,
384 1152 447 1172 nec
469 1140 689 1178 neomeniae,
713 1151 776 1172 nec
801 1139 964 1172 sacrificia
987 1137 1175 1181 sanguinis,
1207 1139 1270 1176 sed,
1291 1137 1356 1170 cir-

220 1200 462 1234 cumcisionem
488 1200 611 1241 cordis,
636 1209 668 1233 et
690 1199 856 1244 peccandi
881 1200 1006 1240 otium,
1033 1199 1170 1244 diesque
1193 1200 1296 1233 festos
1319 1198 1356 1232 in

221 1261 343 1308 azymis
365 1261 575 1302 sinceritatis,
600 1272 631 1295 et
655 1262 812 1302 veritatis,
836 1271 867 1294 et
890 1260 1051 1295 sacrificia
1075 1261 1202 1301 laudis,
1226 1270 1259 1294 et
1282 1274 1356 1294 non

220 1322 287 1368 jam
305 1325 486 1368 pecudum,
511 1324 571 1356 sed
585 1323 745 1357 vitiorum
772 1322 867 1356 caedi
890 1323 1040 1357 victimas
1062 1332 1189 1356 monet.
1220 1322 1357 1356 Judicat

222 1397 302 1426 ergo
329 1385 372 1417 de
394 1383 432 1417 iis
456 1385 566 1424 Deus,
599 1394 632 1417 et
661 1385 794 1430 nuptias
824 1383 1059 1428 Aethiopissae
1093 1384 1288 1418 confirmat:
1325 1393 1358 1417 et

220 1446 346 1479 Mosen
370 1445 509 1490 quidem
532 1445 677 1478 libenter
700 1458 778 1478 cum
808 1457 844 1478 ea
869 1445 1023 1478 habitare
1045 1444 1134 1487 sinit,
1161 1458 1198 1478 ac
1222 1445 1355 1491 requie-

221 1519 330 1541 scere:
361 1507 507 1540 Mariam
539 1519 618 1539 vero
651 1505 741 1551 ejicit
767 1515 856 1539 extra
882 1515 1007 1547 castra,
1043 1516 1075 1539 et
1096 1488 1205 1552 porro
1230 1507 1312 1541 facit
1336 1520 1356 1540 a
1379 1496 1384 1500 ⁵

222 1569 443 1602 tabernaculo
486 1567 687 1607 testimonii,
726 1581 803 1601 curn
835 1581 900 1612 qua
931 1567 1062 1613 ejicitur
1094 1569 1193 1602 etiam
1228 1559 1355 1602 Aaron.

223 1629 364 1674 Insuper
387 1639 499 1662 autem
526 1638 557 1663 et
580 1629 715 1674 leprosa
740 1629 886 1662 efficitur
910 1629 1028 1662 Maria.
1083 1630 1232 1674 Adspice
1263 1643 1355 1663 nunc

222 1693 266 1725 ad
288 1691 379 1724 illam
403 1692 555 1735 plebem,
595 1701 626 1724 et
648 1691 744 1730 vide,
779 1700 905 1735 quanta
935 1691 971 1724 in
1002 1691 1059 1724 illa
1084 1699 1132 1724 est
1155 1691 1250 1735 lepra
1273 1704 1355 1736 pec-

223 1752 297 1792 cati,
322 1761 446 1797 quanta
471 1751 708 1793 intelligentiae
732 1752 850 1794 caligo,
874 1761 1000 1797 quanta
1025 1752 1258 1785 observantiae
1280 1753 1356 1786 foe-

222 1813 324 1854 ditas,
365 1822 488 1856 quanta
520 1814 696 1858 turpitudo
732 1823 939 1858 conspectus.
997 1813 1241 1846 Verumtamen
1270 1813 1355 1847 haec

223 1876 317 1918 lepra
345 1887 418 1907 non
441 1885 606 1919 perpetuo
632 1884 827 1919 permanet,
858 1875 918 1907 sed
946 1874 1008 1907 ubi
1037 1874 1226 1920 septimana
1257 1887 1353 1907 com-

222 1936 318 1980 pleri·
333 1935 483 1980 coeperit
507 1936 636 1975 mundi,
663 1935 878 1968 revocabitur
901 1936 945 1969 ad
961 1945 1077 1970 castra.
1113 1936 1154 1968 In
1171 1937 1238 1969 fine
1263 1935 1354 1969 enim

221 1996 342 2028 mundi
374 2010 450 2029 cum
483 1997 661 2041 plenitudo
693 1997 843 2040 gentium
878 1996 1055 2038 introierit,
1068 1997 1105 2040 ²)
1134 2006 1218 2030 tunc
1251 1996 1352 2030 etiam

223 2058 333 2090 omnis
358 2057 459 2094 Israel
482 2059 680 2099 salvabitur,
719 2068 751 2092 et
774 2068 856 2092 tunc
880 2067 942 2098 est,
977 2071 1054 2091 cum
1086 2057 1227 2092 cessabit
1256 2059 1352 2102 lepra

221 2120 264 2152 de
287 2119 371 2152 facie
394 2118 540 2152 Mariae:
564 2119 704 2164 recipiet
721 2120 811 2153 enim
839 2121 940 2153 decus
963 2119 1052 2177 fidei,
1078 2128 1110 2174 et
1131 2120 1351 2165 splendorem

222 2179 347 2213 Christi
371 2179 548 2221 agnitionis
572 2180 722 2225 accipiet,
747 2191 779 2215 et
801 2182 994 2216 restituetur
1016 2182 1126 2215 vultus
1151 2179 1242 2226 ejus,
1271 2193 1350 2214 cum

312 2305 348 2348 ι)
372 2306 474 2340 Num.
497 2305 574 2348 xu,
597 2308 627 2342 2.
723 2307 759 2351 2)
784 2309 884 2342 Rom.
910 2307 973 2350 xi,
995 2308 1048 2343 25.
1072 2308 1127 2344 26.
