1427 2460
159 37 164 43 ·
189 24 258 58 232
661 23 839 57 Omcnms

192 122 394 160 potestates,
418 122 451 145 et
473 113 594 146 mundi
617 112 717 158 hujus
740 123 890 147 rectores
912 123 989 147 sunt
1012 113 1052 146 iis
1077 126 1216 155 agones:
1241 128 1326 161 quos

191 185 304 210 tamen
328 187 488 220 superare
519 188 593 207 non
616 184 795 219 poterunt,
825 176 889 209 nisi
918 185 1159 209 convertantur
1182 177 1223 210 ad
1247 190 1323 210 san-

193 236 403 271 ctimoniam.
449 236 489 269 In
518 236 591 280 ipsa
613 245 726 269 tamen
751 237 991 281 sanctimonia,
1024 251 1112 282 quae
1135 248 1183 271 est
1207 237 1328 279 Gades,

193 300 272 332 sons
297 308 344 332 est
367 297 494 344 judicii.
551 297 674 332 Omnis
707 297 814 339 enim,
848 300 907 344 qui
937 313 972 333 se
1003 300 1047 333 ad
1068 300 1329 334 sanctimoniam

197 360 382 400 convertit,
417 360 520 393 habet
545 373 681 405 semper
706 369 784 394 ante
808 362 928 395 oculos
943 374 1022 395 suos
1045 362 1178 395 fontem
1200 361 1330 408 judicii.

194 421 367 466 Prospicit
392 422 481 455 enirn
506 421 624 468 judicii
649 423 749 463 diem,
774 432 807 456 et
829 423 1010 468 purificato
1035 425 1142 457 corde
1164 433 1235 457 tam
1256 437 1330 457 ma-

194 484 310 516 lorum
334 497 482 528 poenas,
517 498 617 529 quam
651 485 789 529 piorum
813 485 1040 519 beatitudines
1063 494 1262 519 contuetur:
1298 494 1331 518 et

195 544 281 578 haec
304 545 430 579 faciens
457 559 574 580 omnes
592 546 882 579 Amalechitarum
905 546 1075 592 principes
1095 547 1282 592 prosternit
1298 556 1332 580 et

197 606 321 653 dejicit.
375 607 413 641 Si
449 608 522 653 quis
551 618 664 641 autem
695 621 767 641 non
791 621 826 642 se
850 608 1052 641 converterit
1076 610 1119 642 ad
1143 608 1271 649 Gades,
1293 607 1331 642 id

199 678 263 710 est,
299 670 343 702 ad
367 669 690 710 sanctificationem,
719 671 920 715 fontemque
942 668 1080 716 judicii,
1102 672 1215 715 neque
1237 671 1331 703 futu-

193 745 271 764 rum
296 730 415 777 judicii
446 732 571 774 cogitat
602 732 713 772 diem,
745 731 799 766 isti
831 731 975 777 subjecti
1006 741 1086 766 sunt
1115 731 1329 778 principibus

1368 104 1380 309 „ae———ae——⁴

191 794 369 826 Amalech.
417 793 520 827 Hunc
546 793 636 828 enim
660 793 831 839 populum
857 793 998 835 ablingit
1023 802 1054 827 et
1080 794 1268 834 consumit,
1299 803 1332 826 et
1373 837 1377 841 ι

195 856 299 888 talem
325 856 497 900 populum
524 857 670 890 declinat
694 869 712 889 a
736 855 825 889 Deo.
872 854 968 888 Haec
991 856 1035 889 ad
1057 855 1156 888 illum
1179 855 1331 899 primum

193 918 387 950 reserantur
425 918 600 954 Amalech.
663 918 763 950 Nunc
807 926 920 950 autem
958 917 1132 951 videamus
1163 925 1195 949 et
1227 915 1328 949 istum

194 978 367 1021 Amalech,
393 979 502 1012 filium
527 978 670 1024 Eliphas
698 978 919 1023 primogeniti
941 978 1046 1018 Esau,
1073 990 1175 1023 quem
1198 978 1332 1024 peperit

196 1042 226 1074 ei
251 1040 427 1074 Thamnas
453 1040 648 1074 concubina
673 1054 752 1081 sua,
776 1039 870 1085 cujus
894 1049 992 1085 pater
1015 1049 1062 1073 est
1083 1039 1241 1085 Eliphas,
1271 1039 1332 1086 qui

191 1103 456 1148 interpretatur,
481 1102 576 1134 Deus
600 1115 655 1134 me
679 1101 852 1146 dispersit:
876 1111 986 1134 mater
1010 1111 1121 1135 autern
1146 1101 1330 1143 Thaumas,

196 1177 284 1209 quae
307 1174 339 1197 et
362 1163 434 1209 ipsa
458 1163 571 1208 primo
597 1163 737 1209 quidem
763 1173 810 1197 est
833 1164 989 1206 degener,
1014 1163 1138 1197 deinde
1161 1164 1330 1210 interpre-

190 1236 279 1259 tatur
303 1226 448 1259 defectio
475 1235 665 1258 commota:
692 1234 731 1258 ut
753 1225 943 1260 necessario
967 1225 1102 1270 utique,
1126 1225 1186 1271 qui
1208 1228 1251 1260 ab
1276 1226 1327 1260 his

188 1288 313 1322 talibus
336 1286 501 1329 gignitur,
531 1286 635 1320 hostis
658 1287 698 1320 sit
714 1287 747 1330 ¹)
772 1287 892 1326 Israel,
925 1287 1099 1329 ablingens
1133 1289 1185 1321 vel
1224 1288 1329 1322 decli·

188 1362 274 1382 nans
298 1348 481 1393 populum.
537 1347 671 1380 Primus
706 1347 798 1381 enim
822 1348 893 1392 ipse
917 1347 1093 1382 Hebraeos
1117 1361 1264 1390 egressos
1290 1363 1327 1383 ex

187 1412 342 1457 Aegypto
368 1409 462 1441 bello
484 1421 652 1450 aggressus
677 1419 723 1442 est
746 1409 782 1442 in
806 1408 1002 1454 Raphidin‚
1037 1420 1117 1444 tunc
1143 1424 1221 1444 cum
1245 1411 1333 1445 Mo:

188 1485 239 1506 ses
264 1471 309 1504 ait
332 1471 374 1504 ad
397 1470 534 1503 Jesum:
560 1470 716 1514 ,‚elige²)
740 1470 802 1503 tibi
826 1470 933 1511 viros,
970 1480 1004 1503 et
1028 1472 1095 1512 exi,
1127 1481 1160 1504 et
1183 1472 1328 1516 conflige
1376 1472 1381 1474 ’

188 1548 267 1567 curn
283 1533 449 1566 Amalech
476 1532 642 1565 crastino:
675 1542 707 1565 et
731 1545 818 1572 ecce,
845 1545 907 1574 ego
934 1541 987 1566 sto
1012 1531 1047 1566 in
1071 1533 1195 1567 vertice
1218 1535 1327 1577 collis,

190 1606 223 1629 et
253 1595 342 1638 virga
373 1594 441 1627 Dei
472 1593 505 1626 in
539 1607 641 1627 manu
672 1607 748 1626 mea
783 1594 856 1627 erit.
914 1593 957 1626 Et
988 1595 1068 1628 fecit
1090 1596 1205 1637 Jesus,
1242 1596 1329 1632 sicut

189 1657 273 1691 dixit
297 1657 326 1690 ei
351 1657 484 1694 Moses,
517 1665 549 1687 ct
574 1655 725 1688 conflixit
750 1669 828 1688 cum
855 1655 1036 1689 Amalech:
1062 1656 1180 1691 Moses
1203 1668 1327 1700 autem,

190 1729 222 1753 et
249 1721 385 1758 Aaron,
413 1727 444 1750 et
466 1716 520 1750 Ur
543 1718 795 1750 adscenderunt
817 1717 852 1749 in
878 1717 1037 1750 verticem
1060 1719 1166 1752 collis.
1211 1719 1257 1753 Et
1277 1721 1329 1754 fa-

192 1791 284 1814 ctum
318 1790 384 1820 est,
420 1788 476 1819 ut,
515 1792 593 1811 cum
630 1780 755 1812 levaret
787 1792 911 1812 manus
941 1779 1073 1820 Moses,
1106 1780 1328 1816 invalesceret

189 1843 313 1877 Israel:
351 1855 428 1875 cum
463 1850 574 1873 autem
607 1841 794 1886 deponeret
822 1854 944 1875 manus
974 1855 1067 1883 suas,
1101 1842 1328 1877 invalescebat

189 1905 387 1938 Amalech.“
434 1903 478 1935 Et
500 1912 580 1947 post
602 1916 713 1948 pauca
736 1902 859 1936 iterum
883 1902 1047 1948 seriptusn
1073 1913 1137 1944 est,
1167 1903 1247 1948 quia
1270 1905 1326 1938 fu·

189 1965 314 2008 gaverit
331 1966 429 1999 Jesus
453 1953 638 2005 Amalech,
664 1974 695 1998 et
717 1966 887 2010 populum
913 1965 982 2010 ejus
1006 1965 1120 2008 gladio
1146 1963 1324 2011 dejecerit:

192 2037 275 2060 tunc
298 2026 387 2060 enim
414 2026 588 2059 Dominus
615 2025 696 2059 dixit
720 2027 763 2059 ad
787 2027 928 2060 Mosen:
964 2025 1167 2066 „conscribe
1179 2027 1216 2071 ³)
1240 2027 1324 2061 haec

280 2166 314 2208 ¹)
340 2165 428 2198 Edd.
455 2165 611 2199 Merlini:
637 2176 693 2199 est.
790 2167 828 2210 ²)
852 2166 961 2200 Exod.
986 2165 1096 2206 XVII,
1119 2165 1240 2200 9—11.

278 2221 315 2266 3)
340 2220 452 2253 Exod.
478 2221 590 2260 XVII,
615 2222 757 2256 14—16.
