1427 2460
354 91 391 116 m
414 81 592 115 Nummos
615 79 776 113 Horum
796 79 875 114 XX.
1133 84 1198 118 241

345 262 739 302 HOMILIA
797 262 911 302 XX.

58 364 114 398 De
138 375 190 405 eo,
217 361 274 407 qui
297 360 484 394 fornicatus
509 370 557 394 est
578 360 612 393 in
636 360 873 402 Madianitide,
899 369 931 394 et
955 363 1050 406 quod
1074 375 1193 398 conse-

322 430 431 456 cratus
456 431 502 456 est
525 422 676 467 populus
700 422 927 467 Beelphegor.

146 501 177 534 1.
201 499 317 534 Lectio
342 500 447 533 hodie
471 500 607 533 recitata
640 510 703 541 est,
734 500 882 545 primam
914 499 1053 546 quidem
1086 501 1190 535 histo-

2 563 5 572 '
55 561 140 595 riam
164 562 340 596 continens
366 563 408 596 de
438 561 666 595 fornicatione
697 562 759 595 viri
777 562 947 596 Israelitae
978 571 1010 596 et
1039 562 1191 596 mulieris

55 622 303 665 Madianitidis,
337 624 522 657 secundam
547 637 625 657 vero
651 624 694 657 de
728 623 855 658 visione
884 624 1026 669 populi,
1059 623 1095 657 in
1121 636 1188 669 qua

53 683 225 717 numerari
247 683 369 717 iterum
392 683 529 730 jubetur
553 698 590 718 ex
613 694 797 731 praecepto
812 685 968 725 Domini,
991 684 1027 718 in
1051 685 1184 718 irritum

53 745 178 779 scilicet
200 755 357 780 revocato
372 745 406 790 ¹)
429 745 546 791 priore
568 759 732 786 numero,
755 754 897 791 propter
919 753 1076 790 peccata,
1101 758 1188 790 quae

54 807 292 840 commiserant
315 807 356 848 ii,
389 808 448 853 qui
470 807 563 853 prius
587 809 722 841 fuerant
744 808 808 841 sub
832 807 966 840 numeri
990 806 1188 841 definitione

51 868 176 902 censiti.
225 868 384 902 Cassatur
419 882 498 912 ergo
524 879 556 902 et
577 868 612 902 in
637 868 770 902 irritum
795 868 977 902 deducitur
999 881 1039 901 ex
1061 881 1185 913 pecca-

49 930 91 964 tis
113 943 286 970 numerus,
311 930 369 976 qui
393 930 536 976 scriptus
560 939 624 965 est:
650 940 682 963 et
703 939 835 964 tantum
859 929 972 963 valent
993 930 1125 970 delicta,
1148 939 1186 963 ut

49 1004 113 1024 nec
144 991 213 1025 hoc
243 992 369 1037 prosit,
405 993 500 1037 quod
530 992 564 1026 in
595 1004 740 1025 numero
771 991 845 1036 quis
868 991 1004 1025 habitus
1026 991 1068 1025 sit
1092 992 1185 1036 apud

51 1052 177 1094 Deum,
201 1066 278 1087 cum
304 1041 531 1088 declinaverit.
579 1053 659 1094 Sed,
683 1062 721 1086 ut
745 1052 921 1098 Scriptura
946 1054 1060 1095 refert,
1085 1053 1185 1087 etiam

50 1123 140 1148 artus
174 1127 313 1156 eorum,
353 1116 411 1160 qui
440 1123 649 1148 recesserunt
672 1127 690 1147 a
715 1114 810 1155 Deo,
847 1115 1044 1148 ceciderunt
1065 1113 1101 1147 in
1126 1116 1186 1148 de-

51 1184 152 1209 serto.
195 1175 295 1209 Duae
318 1189 399 1219 crgo
424 1186 501 1210 sunt
525 1175 694 1216 historiae,
719 1189 805 1220 quae
829 1175 985 1210 recitatae
1009 1185 1102 1209 sunt:
1125 1177 1185 1209 sed

49 1249 114 1270 nos
139 1237 181 1270 de
203 1237 315 1282 prima
337 1237 492 1279 interim,
517 1250 604 1282 quae
627 1236 887 1271 fornicationem
911 1237 1034 1283 populi
1057 1237 1184 1271 descri—

49 1296 117 1338 bit,
145 1297 172 1331 si
212 1299 295 1343 quid
330 1299 504 1333 orantibus
528 1297 624 1332 vobis
647 1298 819 1332 Dominus
842 1298 966 1342 gratiae
990 1297 1185 1341 dIgnabitur

48 1368 229 1403 praestare,
253 1360 413 1393 dicemus.
453 1359 491 1393 Si
512 1372 592 1392 vero
612 1359 684 1404 ipse
703 1359 913 1399 concesserit,
935 1358 1065 1404 aliquid
1083 1359 1183 1394 etiam

48 1421 92 1454 de
115 1421 262 1455 secunda
287 1421 483 1463 contingere
507 1420 717 1455 audebimus.
764 1420 838 1463 „Et
850 1420 886 1465 ²)
917 1420 1100 1466 applicuit,
1129 1422 1184 1455 in:-

47 1482 130 1527 quit,
154 1482 257 1516 Israel
280 1484 325 1516 ad
349 1483 458 1517 Sattin
471 1482 527 1527 ³),
558 1492 590 1515 et
611 1483 765 1528 pollutus
789 1492 836 1516 est
859 1482 1029 1527 populus,
1053 1491 1086 1516 et
1109 1484 1183 1516 fora

0 1580 1 1583 Ἰ
45 1543 176 1577 nicatus
202 1553 249 1578 est
269 1545 306 1578 in
330 1543 415 1578 filias
437 1544 556 1578 Moab.
611 1543 656 1577 Et
678 1543 905 1577 invitaverunt
928 1556 985 1577 eos
1010 1544 1053 1577 ad
1077 1543 1182 1577 sacri-

45 1606 124 1639 ficia
145 1605 320 1639 idolorum
345 1619 504 1646 suorum,
537 1614 570 1638 et
598 1604 816 1638 manducavit
837 1605 988 1650 populus
1012 1606 1056 1639 de
1077 1605 1180 1639 sacri-

47 1665 132 1700 ficiis
157 1679 296 1708 eorum,
325 1676 358 1700 et
380 1668 609 1701 adoraverunt
630 1667 725 1700 idola
749 1679 886 1708 eorum,
911 1676 944 1700 et
966 1675 1182 1700 consecratus

49 1737 99 1761 est
120 1727 353 1773 Beelphegor:
392 1737 424 1761 et
453 1727 556 1761 iratus
581 1737 630 1761 est
651 1728 768 1761 surore
791 1727 965 1762 Dominus
990 1737 1109 1762 contra
1133 1728 1182 1762 Is-

48 1790 152 1822 rael.“
196 1788 237 1822 In
260 1789 311 1823 his
335 1788 524 1823 ostenditur
546 1788 644 1830 illud,
667 1789 762 1834 quod
785 1802 885 1835 saepe
906 1789 1181 1829 memoravimus,

50 1851 128 1895 quia
151 1849 303 1891 Balaam,
326 1860 546 1896 posteaquam
561 1850 629 1884 Dei
652 1851 773 1885 virtute
797 1851 1010 1891 constrictus,
1032 1864 1105 1884 non
1132 1859 1180 1884 est

47 1912 229 1957 permissus
259 1913 464 1945 maledicere
493 1912 612 1953 Israel,
647 1913 764 1945 volens
793 1920 908 1945 tamen
945 1912 1082 1956 placere
1109 1912 1181 1953 regi

47 1972 189 2015 Balach,
212 1973 258 2007 ait
281 1974 323 2007 ad
341 1987 429 2014 cum,
451 1974 538 2007 sicut
552 1972 717 2018 scriptum
731 1982 793 2006 est:
816 1972 915 2014 „veni
928 1971 975 2018 ⁴),
999 1972 1179 2007 consilium

143 2100 175 2144 ¹)
208 2100 291 2136 Mss.
323 2103 538 2142 „revocato.“
594 2100 686 2134 Libri
723 2099 803 2134 editi
834 2101 890 2145 (v.
922 2076 1059 2136 csedd.
1088 2100 1177 2145 M.)

48 2146 264 2184 „devocato.“
287 2145 328 2178 R.

140 2200 177 2244 2)
205 2201 306 2235 Num.
326 2200 437 2240 XXV,
455 2202 485 2234 1.
509 2203 540 2235 2.
562 2202 593 2236 3.
689 2201 727 2247 ³)
751 2201 839 2235 Edd.
856 2201 1011 2236 Merlini:
1037 2202 1178 2235 Sethim.

141 2256 177 2300 Δι)
202 2257 302 2290 Num.
328 2256 456 2296 XXIV,
480 2258 533 2290 14.
554 2284 566 2295 ,
1110 2254 1111 2257 ¹

53 2315 226 2351 Omcmus
252 2317 389 2353 Ome-M.
414 2318 512 2353 Tom.
534 2319 578 2351 X.
869 2318 914 2353 16
