1427 2460
316 134 353 159 m
376 126 555 159 Nummos
581 124 739 158 Homini
763 125 906 160 XXVII.
1003 140 1005 142 ·
1110 129 1178 164 353

41 213 107 247 cim
132 213 228 255 elegit
251 213 422 247 Dominus
447 223 478 247 et
503 214 662 247 Salvator
685 224 817 256 noster,
847 217 904 249 sed
931 225 962 250 et
989 217 1072 251 alios
1095 232 1173 264 sep-

43 274 189 316 tuaginta
215 276 320 315 duos,
356 275 485 308 idcirco
510 289 582 308 non
607 276 718 309 solum
744 277 926 310 duodecim
952 280 1081 320 fontes,
1112 282 1170 314 sed

43 345 75 369 et
103 337 314 381 septuaginta
346 337 434 369 duae
464 337 602 369 arbores
637 337 832 370 scribuntur
863 352 932 372 esse
961 341 1172 384 palmarum?

43 405 74 429 et
104 397 167 441 ipsi
201 398 292 430 enim
326 397 481 442 Apostoli
504 397 744 438 nominantur,
780 400 865 432 sicut
897 411 928 433 et
951 401 1021 446 ipse
1044 402 1172 437 Paulus

43 457 142 498 dicit,
175 472 253 491 cum
279 460 321 492 de
343 458 591 492 resurrectione
617 459 798 492 Salvatoris
824 473 1016 505 exponeret.
1063 463 1172 504 Visus,

42 517 216 563 inquit,')
249 529 297 552 est
320 520 384 553 iilis
408 520 583 559 undecim,
617 520 739 554 deinde
765 523 920 566 apparuit
953 533 983 556 et
1011 525 1171 557 omnibus

43 579 225 623 Apostolis.
280 582 315 614 ln
347 595 414 627 quo
448 582 593 615 ostendit
618 594 685 615 esse
710 591 742 615 et
767 583 850 616 alios
876 585 1080 628 Apostolos,
1112 599 1171 618 ex-

45 640 147 685 ceptis
171 640 235 674 illis
259 643 456 678 duodecim.
503 643 596 675 Haec
621 652 653 675 te
678 657 757 686 ergo
783 644 968 678 amoenitas
988 655 1066 690 post
1081 660 1172 680 ama-

42 702 244 745 ritudinem,
276 704 358 737 haec
389 714 420 737 te
444 705 575 749 requies
599 714 676 749 post
699 706 871 745 laborem,
902 706 984 739 hace
1015 717 1046 740 te
1070 708 1172 749 gratia

43 773 122 808 post
151 773 354 798 tentamenta
385 766 552 810 suscipiet.
606 766 823 809 ‚‚Pr0fecti²)
848 776 942 806 sunt,
965 768 1094 812 inquit,
1130 770 1173 802 de

45 824 174 867 Helim,
207 836 239 860 et
270 827 508 872 applicuerunt
531 827 621 873 juxta
646 841 739 861 mare
763 829 916 862 rubrum.
928 831 948 847 “
1010 829 1174 871 Observa,

47 886 125 931 quia
149 887 216 933 jam
240 902 312 921 non
336 889 464 921 intrant
488 889 521 921 in
547 902 639 922 mare
664 890 825 928 rubrum,
849 910 890 915 —
915 891 1018 922 semel
1042 899 1173 925 tantum

45 949 171 982 sufficit
190 949 331 983 intrasse
356 969 419 989 —,
454 951 560 983 modo
584 950 652 997 jam
678 952 851 996 applicant
875 950 965 996 juxta
994 965 1103 993 mare,
1136 963 1174 987 ut

47 1009 182 1044 videant
211 1011 348 1056 quidem
372 1023 483 1052 mare,
516 1021 548 1045 et
580 1013 692 1046 undas'
714 1011 782 1058 ejus
807 1012 1013 1056 adspiciam,
1044 1027 1173 1058 nequa-

46 1085 148 1117 quam
193 1081 308 1106 tamen
350 1082 463 1106 motus
504 1073 624 1118 ipsius,
670 1083 701 1108 et
736 1074 880 1118 impetus
925 1073 1172 1119 pertimescant.

23 1134 159 1187 ¹„Et3)
191 1134 338 1179 profecti
368 1143 448 1167 sunt
479 1147 498 1167 a
528 1135 634 1168 rubro
666 1134 769 1176 mari,
809 1143 839 1168 et
869 1135 1106 1179 applicuerunt
1136 1136 1173 1170 in

47 1196 179 1229 deserto
218 1195 318 1230 Sin.“
381 1196 442 1229 Sin
477 1197 582 1229 rubus
620 1196 873 1241 interpretatur,
914 1195 981 1229 sive
1026 1198 1174 1232 tentatio.

46 1257 166 1302 incipit
197 1270 276 1300 ergo
307 1256 369 1290 tibi
399 1257 467 1303 jam
500 1257 650 1291 arridere
674 1261 846 1290 bonorum
872 1271 957 1302 spes.
1006 1258 1104 1302 Quae
1129 1269 1177 1293 est

49 1329 160 1352 autem
192 1320 368 1352 bonorum
399 1318 497 1364 spes?
554 1319 607 1351 De
631 1320 719 1351 rubo
741 1319 898 1364 apparuit
922 1319 1111 1362 Dominus,
1144 1330 1177 1354 et

47 1393 209 1426 responsa
227 1381 319 1413 dedit
333 1380 434 1420 Mosi,
461 1390 492 1413 et
522 1380 645 1413 dehinc
665 1380 800 1413 initium
826 1380 1021 1414 visitationis
1045 1382 1175 1416 factum

48 1456 66 1476 a
89 1441 247 1476 Domino
273 1442 316 1474 ad
339 1441 427 1475 filios
453 1451 500 1475 est
524 1441 634 1476 Israel.
681 1441 751 1475 Sed
774 1456 846 1475 non
873 1442 980 1475 otiose
995 1443 1056 1475 Sin
1073 1443 1177 1477 etiam

47 1503 186 1537 tentatio
209 1503 460 1548 interpretatur.
507 1503 604 1537 Solet
629 1502 718 1536 enim
741 1503 777 1536 in
802 1503 987 1538 visionibus
1012 1517 1080 1537 esse
1103 1493 1177 1537 teri-

47 1567 142 1600 tatio.
188 1566 275 1598 Nam
299 1578 551 1609 nonnunquam
584 1565 721 1607 angelus
752 1564 936 1610 iniquitatis
965 1567 1180 1608 transfigurat

49 1641 83 1662 se
105 1628 142 1661 iu
166 1628 324 1669 angelum
346 1626 439 1660 lucis.
484 1627 529 1659 Et
552 1626 631 1659 ideo
657 1628 843 1659 cavendum
875 1636 938 1666 est,
977 1636 1008 1659 et
1037 1627 1180 1660 sollicite

51 1692 238 1733 agendum,
268 1699 305 1722 ut
326 1689 471 1723 scienter
495 1688 664 1721 discernas
687 1687 856 1722 visionum
886 1701 1006 1730 genus,
1039 1688 1124 1720 sicut
1149 1697 1181 1720 et

52 1753 150 1786 Jesus
181 1752 290 1792 Nave,
326 1763 403 1784 eum
434 1749 597 1783 visionem
630 1749 773 1789 videret,
808 1750 913 1783 sciens
950 1761 1020 1783 esse
1042 1748 1077 1781 in
1115 1750 1180 1782 hoe

53 1813 287 1855 tentationem,
311 1811 423 1846 statim
445 1810 586 1855 requirit
611 1811 653 1843 ab
679 1824 730 1851 eo,
756 1811 814 1856 qui
838 1810 1005 1855 apparuit,
1029 1819 1060 1842 et
1084 1809 1181 1843 dicit:

54 1873 238 1919 »πωπω-4)
277 1886 328 1915 es,
368 1888 411 1907 an
441 1872 764 1906 adversariorum?⁸‘
819 1875 870 1906 Ita
900 1884 979 1912 ergo
1013 1880 1045 1903 et
1074 1871 1181 1915 profi-

57 1937 146 1971 ciens
160 1936 196 1982 ⁵)
229 1935 355 1977 anima,
393 1935 453 1968 ubi
476 1935 519 1968 ad
542 1934 578 1967 id
603 1934 747 1974 venerit,
780 1942 816 1967 ut
847 1932 915 1978 jam
946 1932 1086 1977 incipiat
1117 1931 1182 1966 dis-

154 2031 190 2074 ¹)
217 2031 287 2064 Cfr.
312 2030 327 2062 I
353 2030 432 2063 Cor.
456 2031 533 2070 XV,
557 2029 587 2063 5.
610 2029 642 2064 6.
667 2030 697 2063 7.

151 2086 188 2132 ²)
214 2087 316 2120 Num.
341 2086 506 2127 xxxlu,
532 2088 584 2121 10.

149 2143 188 2188 3)
212 2144 316 2177 Num.
339 2142 503 2182 XXXIII,
526 2142 580 2178 11.
604 2161 645 2167 —
670 2141 760 2174 Edd.
782 2140 832 2174 M.
857 2149 1067 2189 constanter:
1091 2139 1173 2187 Syn.

155 2199 192 2244 4>
216 2199 286 2233 Jos.
312 2198 353 2239 V,
377 2198 430 2233 13.

153 2248 272 2300 ⁵)'Sic
297 2255 424 2288 habent
446 2253 526 2287 Mss.
551 2253 645 2287 Libri
668 2265 747 2287 vero
773 2252 854 2286 editi
878 2254 927 2298 (e.
950 2266 978 2286 c.
1002 2252 1078 2286 edd.
1102 2251 1187 2294 M.):

61 2301 298 2346 „proficiscens
323 2299 434 2333 anima
458 2299 518 2332 ubi
542 2299 747 2333 advenerit.“
794 2298 834 2331 R.

60 2361 235 2397 Omenms
260 2362 398 2396 OPERA.
423 2361 520 2395 ΤοΜ.
541 2360 583 2393 Χ.
887 2358 932 2393 23
