<?xml version="1.0" encoding="UTF-8"?>
<!DOCTYPE html PUBLIC "-//W3C//DTD XHTML 1.0 Transitional//EN"
    "http://www.w3.org/TR/xhtml1/DTD/xhtml1-transitional.dtd">
<html xmlns="http://www.w3.org/1999/xhtml" xml:lang="en" lang="en">
 <head>
  <title>
</title>
<meta http-equiv="Content-Type" content="text/html;charset=utf-8" />
  <meta name='ocr-system' content='tesseract 3.04.00' />
  <meta name='ocr-capabilities' content='ocr_page ocr_carea ocr_par ocr_line ocrx_word'/>
</head>
<body>
  <div class='ocr_page' id='page_1' title='image "./operaomniaquaegr10orig/operaomniaquaegr10orig_0348.png"; bbox 0 0 1427 2460; ppageno 0'>
   <div class='ocr_carea' id='block_1_1' title="bbox 202 128 866 165">
    <p class='ocr_par' dir='ltr' id='par_1_1' title="bbox 202 128 866 165">
     <span class='ocr_line' id='line_1_1' title="bbox 202 128 866 165; baseline -0.003 -1"><span class='ocrx_word' id='word_1_1' title='bbox 202 131 270 165; x_wconf 77' lang='lat'>326</span> <span class='ocrx_word' id='word_1_2' title='bbox 684 128 866 162; x_wconf 72' lang='lat' dir='ltr'>Omossms</span> 
     </span>
    </p>
   </div>
   <div class='ocr_carea' id='block_1_2' title="bbox 207 217 1383 1996">
    <p class='ocr_par' dir='ltr' id='par_1_2' title="bbox 207 217 1383 1996">
     <span class='ocr_line' id='line_1_2' title="bbox 207 217 1351 264; baseline -0.001 -13"><span class='ocrx_word' id='word_1_3' title='bbox 207 231 295 264; x_wconf 83' lang='lat' dir='ltr'>quae</span> <span class='ocrx_word' id='word_1_4' title='bbox 317 231 380 263; x_wconf 81' lang='lat' dir='ltr'>per</span> <span class='ocrx_word' id='word_1_5' title='bbox 404 219 530 252; x_wconf 85' lang='lat' dir='ltr'>Mosen</span> <span class='ocrx_word' id='word_1_6' title='bbox 553 217 714 258; x_wconf 74' lang='lat' dir='ltr'>traditur,</span> <span class='ocrx_word' id='word_1_7' title='bbox 745 226 778 250; x_wconf 89' lang='lat' dir='ltr'>et</span> <span class='ocrx_word' id='word_1_8' title='bbox 808 226 898 251; x_wconf 85' lang='lat' dir='ltr'>extra</span> <span class='ocrx_word' id='word_1_9' title='bbox 923 218 1114 250; x_wconf 83' lang='lat' dir='ltr'>Jordanem</span> <span class='ocrx_word' id='word_1_10' title='bbox 1146 217 1351 259; x_wconf 80' lang='lat' dir='ltr'><strong>decernitur,</strong></span> 
     </span>
     <span class='ocr_line' id='line_1_3' title="bbox 210 278 1353 325; baseline 0.002 -13"><span class='ocrx_word' id='word_1_11' title='bbox 210 281 246 313; x_wconf 90' lang='lat' dir='ltr'>in</span> <span class='ocrx_word' id='word_1_12' title='bbox 272 280 456 313; x_wconf 78' lang='lat' dir='ltr'><strong>duodecim</strong></span> <span class='ocrx_word' id='word_1_13' title='bbox 481 279 638 313; x_wconf 82' lang='lat' dir='ltr'>tribubus</span> <span class='ocrx_word' id='word_1_14' title='bbox 662 279 813 313; x_wconf 87' lang='lat' dir='ltr'>filiorum</span> <span class='ocrx_word' id='word_1_15' title='bbox 837 279 957 320; x_wconf 81' lang='lat' dir='ltr'>Israel,</span> <span class='ocrx_word' id='word_1_16' title='bbox 981 278 1123 313; x_wconf 78' lang='lat' dir='ltr'>occultis</span> <span class='ocrx_word' id='word_1_17' title='bbox 1148 279 1353 325; x_wconf 87' lang='lat' dir='ltr'>quibusdam</span> 
     </span>
     <span class='ocr_line' id='line_1_4' title="bbox 214 341 1355 388; baseline 0.001 -13"><span class='ocrx_word' id='word_1_18' title='bbox 214 352 244 375; x_wconf 87' lang='lat' dir='ltr'>et</span> <span class='ocrx_word' id='word_1_19' title='bbox 268 341 414 388; x_wconf 76' lang='lat' dir='ltr'>mysticis</span> <span class='ocrx_word' id='word_1_20' title='bbox 439 342 628 376; x_wconf 84' lang='lat' dir='ltr'>rationibus</span> <span class='ocrx_word' id='word_1_21' title='bbox 654 342 756 375; x_wconf 82' lang='lat' dir='ltr'>totius</span> <span class='ocrx_word' id='word_1_22' title='bbox 781 342 923 375; x_wconf 84' lang='lat' dir='ltr'>humani</span> <span class='ocrx_word' id='word_1_23' title='bbox 946 342 1075 384; x_wconf 86' lang='lat' dir='ltr'>generis</span> <span class='ocrx_word' id='word_1_24' title='bbox 1091 342 1237 384; x_wconf 84' lang='lat' dir='ltr'>figuram</span> <span class='ocrx_word' id='word_1_25' title='bbox 1259 356 1355 376; x_wconf 91' lang='lat' dir='ltr'>com-</span> 
     </span>
     <span class='ocr_line' id='line_1_5' title="bbox 213 403 1355 449; baseline 0.002 -13"><span class='ocrx_word' id='word_1_26' title='bbox 213 403 383 448; x_wconf 76' lang='lat' dir='ltr'>plectitur,</span> <span class='ocrx_word' id='word_1_27' title='bbox 407 405 458 437; x_wconf 87' lang='lat' dir='ltr'>vel</span> <span class='ocrx_word' id='word_1_28' title='bbox 484 404 640 437; x_wconf 89' lang='lat' dir='ltr'>omnium</span> <span class='ocrx_word' id='word_1_29' title='bbox 665 413 756 437; x_wconf 89' lang='lat' dir='ltr'>certe</span> <span class='ocrx_word' id='word_1_30' title='bbox 779 403 972 444; x_wconf 87' lang='lat' dir='ltr'>hominum,</span> <span class='ocrx_word' id='word_1_31' title='bbox 996 404 1054 449; x_wconf 93' lang='lat' dir='ltr'>qui</span> <span class='ocrx_word' id='word_1_32' title='bbox 1079 404 1122 437; x_wconf 87' lang='lat' dir='ltr'>ad</span> <span class='ocrx_word' id='word_1_33' title='bbox 1147 403 1355 446; x_wconf 77' lang='lat' dir='ltr'>agnitionem</span> 
     </span>
     <span class='ocr_line' id='line_1_6' title="bbox 213 465 1354 510; baseline 0.003 -13"><span class='ocrx_word' id='word_1_34' title='bbox 213 465 281 498; x_wconf 87' lang='lat' dir='ltr'>Dei</span> <span class='ocrx_word' id='word_1_35' title='bbox 306 476 480 499; x_wconf 83' lang='lat' dir='ltr'>venerunt.</span> <span class='ocrx_word' id='word_1_36' title='bbox 536 465 672 499; x_wconf 85' lang='lat' dir='ltr'>Horum</span> <span class='ocrx_word' id='word_1_37' title='bbox 705 478 784 509; x_wconf 82' lang='lat' dir='ltr'>ergo</span> <span class='ocrx_word' id='word_1_38' title='bbox 810 479 886 510; x_wconf 86' lang='lat' dir='ltr'>pars</span> <span class='ocrx_word' id='word_1_39' title='bbox 911 466 1023 510; x_wconf 84' lang='lat' dir='ltr'>aliqua</span> <span class='ocrx_word' id='word_1_40' title='bbox 1049 475 1137 499; x_wconf 84' lang='lat' dir='ltr'>extra</span> <span class='ocrx_word' id='word_1_41' title='bbox 1163 465 1354 500; x_wconf 83' lang='lat' dir='ltr'>Jordanem</span> 
     </span>
     <span class='ocr_line' id='line_1_7' title="bbox 213 527 1357 573; baseline 0.001 -13"><span class='ocrx_word' id='word_1_42' title='bbox 213 527 455 561; x_wconf 80' lang='lat' dir='ltr'>haereditatem</span> <span class='ocrx_word' id='word_1_43' title='bbox 481 527 700 572; x_wconf 80' lang='lat' dir='ltr'>consequitur</span> <span class='ocrx_word' id='word_1_44' title='bbox 717 541 779 573; x_wconf 85' lang='lat' dir='ltr'>per</span> <span class='ocrx_word' id='word_1_45' title='bbox 795 527 929 567; x_wconf 65' lang='lat' dir='ltr'>Blosen,</span> <span class='ocrx_word' id='word_1_46' title='bbox 952 541 1030 572; x_wconf 84' lang='lat' dir='ltr'>pars</span> <span class='ocrx_word' id='word_1_47' title='bbox 1055 540 1135 561; x_wconf 86' lang='lat' dir='ltr'>vero</span> <span class='ocrx_word' id='word_1_48' title='bbox 1160 537 1250 562; x_wconf 80' lang='lat' dir='ltr'>trans</span> <span class='ocrx_word' id='word_1_49' title='bbox 1273 529 1357 562; x_wconf 79' lang='lat' dir='ltr'>Jor-</span> 
     </span>
     <span class='ocr_line' id='line_1_8' title="bbox 216 588 1357 634; baseline 0.003 -13"><span class='ocrx_word' id='word_1_50' title='bbox 216 588 357 631; x_wconf 82' lang='lat' dir='ltr'>danem,</span> <span class='ocrx_word' id='word_1_51' title='bbox 395 599 425 623; x_wconf 87' lang='lat' dir='ltr'>et</span> <span class='ocrx_word' id='word_1_52' title='bbox 456 590 698 623; x_wconf 85' lang='lat' dir='ltr'>haereditatem</span> <span class='ocrx_word' id='word_1_53' title='bbox 729 589 869 634; x_wconf 85' lang='lat' dir='ltr'>suscipit</span> <span class='ocrx_word' id='word_1_54' title='bbox 898 589 934 621; x_wconf 86' lang='lat' dir='ltr'>iu</span> <span class='ocrx_word' id='word_1_55' title='bbox 965 598 1055 622; x_wconf 82' lang='lat' dir='ltr'>terra</span> <span class='ocrx_word' id='word_1_56' title='bbox 1083 589 1357 634; x_wconf 80' lang='lat' dir='ltr'>repromissionis</span> 
     </span>
     <span class='ocr_line' id='line_1_9' title="bbox 214 649 1357 696; baseline 0.002 -13"><span class='ocrx_word' id='word_1_57' title='bbox 214 663 277 695; x_wconf 89' lang='lat' dir='ltr'>per</span> <span class='ocrx_word' id='word_1_58' title='bbox 300 651 429 684; x_wconf 81' lang='lat' dir='ltr'>Jesum.</span> <span class='ocrx_word' id='word_1_59' title='bbox 476 652 521 684; x_wconf 86' lang='lat' dir='ltr'>Et</span> <span class='ocrx_word' id='word_1_60' title='bbox 543 651 592 687; x_wconf 88' lang='lat' dir='ltr'>illi</span> <span class='ocrx_word' id='word_1_61' title='bbox 617 650 774 696; x_wconf 89' lang='lat' dir='ltr'>quidem,</span> <span class='ocrx_word' id='word_1_62' title='bbox 799 649 921 695; x_wconf 84' lang='lat' dir='ltr'>quibus</span> <span class='ocrx_word' id='word_1_63' title='bbox 946 660 1037 684; x_wconf 79' lang='lat' dir='ltr'>extra</span> <span class='ocrx_word' id='word_1_64' title='bbox 1060 650 1250 685; x_wconf 85' lang='lat' dir='ltr'>Jordanem</span> <span class='ocrx_word' id='word_1_65' title='bbox 1275 652 1357 686; x_wconf 78' lang='lat' dir='ltr'>hae-</span> 
     </span>
     <span class='ocr_line' id='line_1_10' title="bbox 216 712 1356 759; baseline 0.003 -15"><span class='ocrx_word' id='word_1_66' title='bbox 216 712 338 746; x_wconf 84' lang='lat' dir='ltr'>reditas</span> <span class='ocrx_word' id='word_1_67' title='bbox 367 714 579 755; x_wconf 78' lang='lat' dir='ltr'>decernitur,</span> <span class='ocrx_word' id='word_1_68' title='bbox 619 712 782 759; x_wconf 86' lang='lat' dir='ltr'>primitivi</span> <span class='ocrx_word' id='word_1_69' title='bbox 818 721 914 746; x_wconf 87' lang='lat' dir='ltr'>sunt:</span> <span class='ocrx_word' id='word_1_70' title='bbox 951 712 1030 746; x_wconf 85' lang='lat' dir='ltr'>licet</span> <span class='ocrx_word' id='word_1_71' title='bbox 1065 712 1177 747; x_wconf 81' lang='lat' dir='ltr'>minus</span> <span class='ocrx_word' id='word_1_72' title='bbox 1211 713 1356 755; x_wconf 88' lang='lat' dir='ltr'>nobiles,</span> 
     </span>
     <span class='ocr_line' id='line_1_11' title="bbox 216 774 1383 822; baseline 0.003 -16"><span class='ocrx_word' id='word_1_73' title='bbox 216 774 294 807; x_wconf 89' lang='lat' dir='ltr'>licet</span> <span class='ocrx_word' id='word_1_74' title='bbox 316 788 387 809; x_wconf 89' lang='lat' dir='ltr'>non</span> <span class='ocrx_word' id='word_1_75' title='bbox 413 776 595 822; x_wconf 77' lang='lat' dir='ltr'>inculpati,</span> <span class='ocrx_word' id='word_1_76' title='bbox 626 774 789 821; x_wconf 85' lang='lat' dir='ltr'>primitivi</span> <span class='ocrx_word' id='word_1_77' title='bbox 820 784 934 808; x_wconf 85' lang='lat' dir='ltr'>tamen</span> <span class='ocrx_word' id='word_1_78' title='bbox 967 784 1054 808; x_wconf 87' lang='lat' dir='ltr'>sunt.</span> <span class='ocrx_word' id='word_1_79' title='bbox 1108 775 1233 809; x_wconf 87' lang='lat' dir='ltr'>Ruben</span> <span class='ocrx_word' id='word_1_80' title='bbox 1265 778 1383 810; x_wconf 49' lang='lat' dir='ltr'>enim*</span> 
     </span>
     <span class='ocr_line' id='line_1_12' title="bbox 217 836 1358 884; baseline 0.003 -15"><span class='ocrx_word' id='word_1_81' title='bbox 217 847 263 869; x_wconf 85' lang='lat' dir='ltr'>cst</span> <span class='ocrx_word' id='word_1_82' title='bbox 287 837 534 882; x_wconf 83' lang='lat' dir='ltr'>primogenitus</span> <span class='ocrx_word' id='word_1_83' title='bbox 556 839 683 872; x_wconf 80' lang='lat' dir='ltr'>Jacob:</span> <span class='ocrx_word' id='word_1_84' title='bbox 716 838 794 871; x_wconf 87' lang='lat' dir='ltr'>licet</span> <span class='ocrx_word' id='word_1_85' title='bbox 826 836 1106 870; x_wconf 75' lang='lat' dir='ltr'>contaminaverit</span> <span class='ocrx_word' id='word_1_86' title='bbox 1133 837 1273 872; x_wconf 84' lang='lat' dir='ltr'>thorum</span> <span class='ocrx_word' id='word_1_87' title='bbox 1296 851 1358 884; x_wconf 81' lang='lat' dir='ltr'>pa-</span> 
     </span>
     <span class='ocr_line' id='line_1_13' title="bbox 216 898 1358 944; baseline 0.004 -14"><span class='ocrx_word' id='word_1_88' title='bbox 216 898 289 939; x_wconf 88' lang='lat' dir='ltr'>tris,</span> <span class='ocrx_word' id='word_1_89' title='bbox 312 899 560 944; x_wconf 84' lang='lat' dir='ltr'>primogenitus</span> <span class='ocrx_word' id='word_1_90' title='bbox 582 911 695 934; x_wconf 85' lang='lat' dir='ltr'>tamen</span> <span class='ocrx_word' id='word_1_91' title='bbox 721 908 777 932; x_wconf 88' lang='lat' dir='ltr'>est.</span> <span class='ocrx_word' id='word_1_92' title='bbox 825 899 895 932; x_wconf 87' lang='lat' dir='ltr'>Sed</span> <span class='ocrx_word' id='word_1_93' title='bbox 928 908 961 932; x_wconf 87' lang='lat' dir='ltr'>et</span> <span class='ocrx_word' id='word_1_94' title='bbox 986 899 1083 940; x_wconf 79' lang='lat' dir='ltr'>Grad,</span> <span class='ocrx_word' id='word_1_95' title='bbox 1117 898 1198 933; x_wconf 85' lang='lat' dir='ltr'>licet</span> <span class='ocrx_word' id='word_1_96' title='bbox 1229 913 1267 934; x_wconf 88' lang='lat' dir='ltr'>ex</span> <span class='ocrx_word' id='word_1_97' title='bbox 1297 913 1358 934; x_wconf 85' lang='lat' dir='ltr'>an·-</span> 
     </span>
     <span class='ocr_line' id='line_1_14' title="bbox 216 960 1356 1007; baseline 0.004 -15"><span class='ocrx_word' id='word_1_98' title='bbox 216 960 307 1001; x_wconf 80' lang='lat' dir='ltr'>cilla,</span> <span class='ocrx_word' id='word_1_99' title='bbox 337 970 451 994; x_wconf 76' lang='lat' dir='ltr'>tamen</span> <span class='ocrx_word' id='word_1_100' title='bbox 483 971 515 995; x_wconf 84' lang='lat' dir='ltr'>et</span> <span class='ocrx_word' id='word_1_101' title='bbox 543 962 617 1006; x_wconf 85' lang='lat' dir='ltr'>ipse</span> <span class='ocrx_word' id='word_1_102' title='bbox 645 960 891 1006; x_wconf 75' lang='lat' dir='ltr'>primogenitus</span> <span class='ocrx_word' id='word_1_103' title='bbox 916 970 972 994; x_wconf 84' lang='lat' dir='ltr'>est.</span> <span class='ocrx_word' id='word_1_104' title='bbox 1025 961 1182 998; x_wconf 78' lang='lat' dir='ltr'>Manasse</span> <span class='ocrx_word' id='word_1_105' title='bbox 1207 975 1356 1007; x_wconf 90' lang='lat' dir='ltr'>quoque,</span> 
     </span>
     <span class='ocr_line' id='line_1_15' title="bbox 217 1021 1358 1071; baseline 0.004 -16"><span class='ocrx_word' id='word_1_106' title='bbox 217 1021 311 1068; x_wconf 85' lang='lat' dir='ltr'>cujus</span> <span class='ocrx_word' id='word_1_107' title='bbox 336 1023 476 1056; x_wconf 84' lang='lat' dir='ltr'>dimidia</span> <span class='ocrx_word' id='word_1_108' title='bbox 501 1024 610 1057; x_wconf 89' lang='lat' dir='ltr'>tribus</span> <span class='ocrx_word' id='word_1_109' title='bbox 634 1032 724 1056; x_wconf 74' lang='lat' dir='ltr'>extra</span> <span class='ocrx_word' id='word_1_110' title='bbox 746 1021 936 1056; x_wconf 87' lang='lat' dir='ltr'>Jordanem</span> <span class='ocrx_word' id='word_1_111' title='bbox 962 1023 1199 1069; x_wconf 82' lang='lat' dir='ltr'>consequitur,</span> <span class='ocrx_word' id='word_1_112' title='bbox 1230 1033 1263 1057; x_wconf 93' lang='lat' dir='ltr'>et</span> <span class='ocrx_word' id='word_1_113' title='bbox 1285 1025 1358 1071; x_wconf 83' lang='lat' dir='ltr'>ipse</span> 
     </span>
     <span class='ocr_line' id='line_1_16' title="bbox 214 1083 1357 1132; baseline 0.003 -16"><span class='ocrx_word' id='word_1_114' title='bbox 214 1083 294 1117; x_wconf 84' lang='lat' dir='ltr'>licet</span> <span class='ocrx_word' id='word_1_115' title='bbox 318 1084 360 1117; x_wconf 89' lang='lat' dir='ltr'>de</span> <span class='ocrx_word' id='word_1_116' title='bbox 384 1084 548 1132; x_wconf 70' lang='lat' dir='ltr'>Aegyptia</span> <span class='ocrx_word' id='word_1_117' title='bbox 572 1095 688 1125; x_wconf 87' lang='lat' dir='ltr'>natus,</span> <span class='ocrx_word' id='word_1_118' title='bbox 712 1084 958 1130; x_wconf 87' lang='lat' dir='ltr'>primogenitus</span> <span class='ocrx_word' id='word_1_119' title='bbox 980 1094 1094 1118; x_wconf 86' lang='lat' dir='ltr'>tamen</span> <span class='ocrx_word' id='word_1_120' title='bbox 1119 1094 1177 1119; x_wconf 86' lang='lat' dir='ltr'>est.</span> <span class='ocrx_word' id='word_1_121' title='bbox 1225 1085 1357 1120; x_wconf 86' lang='lat' dir='ltr'>Omnes</span> 
     </span>
     <span class='ocr_line' id='line_1_17' title="bbox 217 1145 1356 1193; baseline 0.002 -14"><span class='ocrx_word' id='word_1_122' title='bbox 217 1158 297 1188; x_wconf 80' lang='lat' dir='ltr'>ergo</span> <span class='ocrx_word' id='word_1_123' title='bbox 323 1145 376 1180; x_wconf 81' lang='lat' dir='ltr'>isti</span> <span class='ocrx_word' id='word_1_124' title='bbox 399 1146 618 1192; x_wconf 74' lang='lat' dir='ltr'>primogeniti</span> <span class='ocrx_word' id='word_1_125' title='bbox 642 1155 739 1187; x_wconf 88' lang='lat' dir='ltr'>sunt,</span> <span class='ocrx_word' id='word_1_126' title='bbox 765 1156 797 1180; x_wconf 89' lang='lat' dir='ltr'>et</span> <span class='ocrx_word' id='word_1_127' title='bbox 822 1145 900 1180; x_wconf 84' lang='lat' dir='ltr'>ideo</span> <span class='ocrx_word' id='word_1_128' title='bbox 924 1146 1078 1191; x_wconf 88' lang='lat' dir='ltr'>priorem</span> <span class='ocrx_word' id='word_1_129' title='bbox 1100 1148 1271 1193; x_wconf 82' lang='lat' dir='ltr'>populum</span> <span class='ocrx_word' id='word_1_130' title='bbox 1296 1149 1356 1181; x_wconf 81' lang='lat' dir='ltr'>de·</span> 
     </span>
     <span class='ocr_line' id='line_1_18' title="bbox 215 1207 1357 1256; baseline 0.004 -17"><span class='ocrx_word' id='word_1_131' title='bbox 215 1207 364 1249; x_wconf 81' lang='lat' dir='ltr'>signant,</span> <span class='ocrx_word' id='word_1_132' title='bbox 389 1208 448 1253; x_wconf 85' lang='lat' dir='ltr'>qui</span> <span class='ocrx_word' id='word_1_133' title='bbox 471 1223 544 1242; x_wconf 91' lang='lat' dir='ltr'>non</span> <span class='ocrx_word' id='word_1_134' title='bbox 567 1223 631 1254; x_wconf 88' lang='lat' dir='ltr'>per</span> <span class='ocrx_word' id='word_1_135' title='bbox 653 1212 768 1244; x_wconf 86' lang='lat' dir='ltr'>Jesum</span> <span class='ocrx_word' id='word_1_136' title='bbox 793 1208 988 1242; x_wconf 89' lang='lat' dir='ltr'>Dominum</span> <span class='ocrx_word' id='word_1_137' title='bbox 1012 1217 1188 1250; x_wconf 90' lang='lat' dir='ltr'>nostrum,</span> <span class='ocrx_word' id='word_1_138' title='bbox 1209 1211 1270 1244; x_wconf 87' lang='lat' dir='ltr'>sed</span> <span class='ocrx_word' id='word_1_139' title='bbox 1294 1223 1357 1256; x_wconf 89' lang='lat' dir='ltr'>per</span> 
     </span>
     <span class='ocr_line' id='line_1_19' title="bbox 214 1268 1357 1317; baseline 0.003 -15"><span class='ocrx_word' id='word_1_140' title='bbox 214 1268 339 1303; x_wconf 84' lang='lat' dir='ltr'>Mosen</span> <span class='ocrx_word' id='word_1_141' title='bbox 358 1279 447 1303; x_wconf 83' lang='lat' dir='ltr'>extra</span> <span class='ocrx_word' id='word_1_142' title='bbox 461 1269 651 1305; x_wconf 81' lang='lat' dir='ltr'>Jordanem</span> <span class='ocrx_word' id='word_1_143' title='bbox 669 1280 796 1304; x_wconf 88' lang='lat' dir='ltr'>sortem</span> <span class='ocrx_word' id='word_1_144' title='bbox 810 1270 1024 1305; x_wconf 83' lang='lat' dir='ltr'>haereditatis</span> <span class='ocrx_word' id='word_1_145' title='bbox 1038 1271 1219 1317; x_wconf 85' lang='lat' dir='ltr'>accipiunt.</span> <span class='ocrx_word' id='word_1_146' title='bbox 1262 1272 1357 1306; x_wconf 91' lang='lat' dir='ltr'>Con-</span> 
     </span>
     <span class='ocr_line' id='line_1_20' title="bbox 213 1330 1357 1380; baseline 0.004 -16"><span class='ocrx_word' id='word_1_147' title='bbox 213 1330 322 1366; x_wconf 82' lang='lat' dir='ltr'>sidera</span> <span class='ocrx_word' id='word_1_148' title='bbox 362 1342 474 1366; x_wconf 87' lang='lat' dir='ltr'>autem</span> <span class='ocrx_word' id='word_1_149' title='bbox 507 1333 699 1375; x_wconf 82' lang='lat' dir='ltr'>diligentius</span> <span class='ocrx_word' id='word_1_150' title='bbox 731 1333 832 1366; x_wconf 84' lang='lat' dir='ltr'>etiam</span> <span class='ocrx_word' id='word_1_151' title='bbox 865 1345 1019 1374; x_wconf 83' lang='lat' dir='ltr'>causam,</span> <span class='ocrx_word' id='word_1_152' title='bbox 1064 1346 1132 1379; x_wconf 79' lang='lat' dir='ltr'>qua</span> <span class='ocrx_word' id='word_1_153' title='bbox 1159 1334 1294 1380; x_wconf 83' lang='lat' dir='ltr'>priores</span> <span class='ocrx_word' id='word_1_154' title='bbox 1323 1343 1357 1368; x_wconf 87' lang='lat' dir='ltr'>et</span> 
     </span>
     <span class='ocr_line' id='line_1_21' title="bbox 215 1394 1355 1442; baseline 0.004 -16"><span class='ocrx_word' id='word_1_155' title='bbox 215 1403 305 1426; x_wconf 83' lang='lat' dir='ltr'>extra</span> <span class='ocrx_word' id='word_1_156' title='bbox 333 1395 544 1435; x_wconf 83' lang='lat' dir='ltr'>Jordanem,</span> <span class='ocrx_word' id='word_1_157' title='bbox 579 1404 612 1428; x_wconf 89' lang='lat' dir='ltr'>et</span> <span class='ocrx_word' id='word_1_158' title='bbox 645 1394 841 1440; x_wconf 84' lang='lat' dir='ltr'>sequestrati</span> <span class='ocrx_word' id='word_1_159' title='bbox 873 1408 892 1428; x_wconf 80' lang='lat' dir='ltr'>a</span> <span class='ocrx_word' id='word_1_160' title='bbox 924 1396 1061 1436; x_wconf 87' lang='lat' dir='ltr'>ceteris,</span> <span class='ocrx_word' id='word_1_161' title='bbox 1098 1406 1355 1442; x_wconf 85' lang='lat' dir='ltr'>consequuntur</span> 
     </span>
     <span class='ocr_line' id='line_1_22' title="bbox 213 1456 1354 1502; baseline 0.003 -13"><span class='ocrx_word' id='word_1_162' title='bbox 213 1456 465 1490; x_wconf 85' lang='lat' dir='ltr'>haereditatem.</span> <span class='ocrx_word' id='word_1_163' title='bbox 513 1457 720 1497; x_wconf 81' lang='lat' dir='ltr'>„Jumenta,</span> <span class='ocrx_word' id='word_1_164' title='bbox 741 1457 774 1502; x_wconf 72' lang='grc' dir='ltr'>Γ)</span> <span class='ocrx_word' id='word_1_165' title='bbox 804 1456 982 1501; x_wconf 87' lang='lat' dir='ltr'>inquiunt,</span> <span class='ocrx_word' id='word_1_166' title='bbox 1025 1466 1058 1490; x_wconf 84' lang='lat' dir='ltr'>et</span> <span class='ocrx_word' id='word_1_167' title='bbox 1086 1471 1213 1502; x_wconf 85' lang='lat' dir='ltr'>pecora</span> <span class='ocrx_word' id='word_1_168' title='bbox 1245 1458 1354 1492; x_wconf 79' lang='lat' dir='ltr'>multa</span> 
     </span>
     <span class='ocr_line' id='line_1_23' title="bbox 213 1518 1354 1565; baseline 0.003 -14"><span class='ocrx_word' id='word_1_169' title='bbox 213 1527 291 1551; x_wconf 88' lang='lat' dir='ltr'>sunt</span> <span class='ocrx_word' id='word_1_170' title='bbox 314 1518 449 1551; x_wconf 87' lang='lat' dir='ltr'>nobis.“</span> <span class='ocrx_word' id='word_1_171' title='bbox 499 1518 594 1551; x_wconf 89' lang='lat' dir='ltr'>Haec</span> <span class='ocrx_word' id='word_1_172' title='bbox 626 1532 704 1560; x_wconf 82' lang='lat' dir='ltr'>ergo</span> <span class='ocrx_word' id='word_1_173' title='bbox 738 1532 838 1552; x_wconf 84' lang='lat' dir='ltr'>eausa</span> <span class='ocrx_word' id='word_1_174' title='bbox 870 1527 932 1558; x_wconf 88' lang='lat' dir='ltr'>est,</span> <span class='ocrx_word' id='word_1_175' title='bbox 963 1518 1040 1564; x_wconf 78' lang='lat' dir='ltr'>quia</span> <span class='ocrx_word' id='word_1_176' title='bbox 1073 1520 1171 1564; x_wconf 88' lang='lat' dir='ltr'>prior</span> <span class='ocrx_word' id='word_1_177' title='bbox 1200 1522 1354 1565; x_wconf 89' lang='lat' dir='ltr'>populus</span> 
     </span>
     <span class='ocr_line' id='line_1_24' title="bbox 213 1579 1355 1627; baseline 0.003 -14"><span class='ocrx_word' id='word_1_178' title='bbox 213 1581 256 1613; x_wconf 90' lang='lat' dir='ltr'>ad</span> <span class='ocrx_word' id='word_1_179' title='bbox 281 1580 522 1614; x_wconf 78' lang='lat' dir='ltr'>haereditatem</span> <span class='ocrx_word' id='word_1_180' title='bbox 546 1579 635 1614; x_wconf 88' lang='lat' dir='ltr'>illius</span> <span class='ocrx_word' id='word_1_181' title='bbox 658 1589 788 1619; x_wconf 85' lang='lat' dir='ltr'>terrae,</span> <span class='ocrx_word' id='word_1_182' title='bbox 811 1593 899 1625; x_wconf 85' lang='lat' dir='ltr'>quae</span> <span class='ocrx_word' id='word_1_183' title='bbox 922 1580 1009 1613; x_wconf 82' lang='lat' dir='ltr'>lacte</span> <span class='ocrx_word' id='word_1_184' title='bbox 1032 1581 1118 1621; x_wconf 79' lang='lat' dir='ltr'>fluit,</span> <span class='ocrx_word' id='word_1_185' title='bbox 1140 1595 1229 1627; x_wconf 85' lang='lat' dir='ltr'>quae</span> <span class='ocrx_word' id='word_1_186' title='bbox 1251 1583 1355 1616; x_wconf 84' lang='lat' dir='ltr'>melle</span> 
     </span>
     <span class='ocr_line' id='line_1_25' title="bbox 213 1641 1353 1690; baseline 0.003 -15"><span class='ocrx_word' id='word_1_187' title='bbox 213 1643 384 1683; x_wconf 80' lang='lat' dir='ltr'>abundat,</span> <span class='ocrx_word' id='word_1_188' title='bbox 407 1656 494 1687; x_wconf 84' lang='lat' dir='ltr'>quae</span> <span class='ocrx_word' id='word_1_189' title='bbox 519 1644 612 1675; x_wconf 84' lang='lat' dir='ltr'>savus</span> <span class='ocrx_word' id='word_1_190' title='bbox 637 1641 745 1675; x_wconf 87' lang='lat' dir='ltr'>mellis</span> <span class='ocrx_word' id='word_1_191' title='bbox 766 1651 815 1675; x_wconf 85' lang='lat' dir='ltr'>est</span> <span class='ocrx_word' id='word_1_192' title='bbox 838 1654 920 1687; x_wconf 84' lang='lat' dir='ltr'>prae</span> <span class='ocrx_word' id='word_1_193' title='bbox 945 1642 1040 1676; x_wconf 87' lang='lat' dir='ltr'>omni</span> <span class='ocrx_word' id='word_1_194' title='bbox 1063 1652 1169 1684; x_wconf 85' lang='lat' dir='ltr'>terra,</span> <span class='ocrx_word' id='word_1_195' title='bbox 1191 1657 1264 1677; x_wconf 90' lang='lat' dir='ltr'>non</span> <span class='ocrx_word' id='word_1_196' title='bbox 1287 1658 1353 1690; x_wconf 88' lang='lat' dir='ltr'>po-</span> 
     </span>
     <span class='ocr_line' id='line_1_26' title="bbox 211 1703 1351 1749; baseline 0.003 -13"><span class='ocrx_word' id='word_1_197' title='bbox 211 1703 275 1737; x_wconf 88' lang='lat' dir='ltr'>tuit</span> <span class='ocrx_word' id='word_1_198' title='bbox 296 1704 491 1749; x_wconf 88' lang='lat' dir='ltr'>pervenire,</span> <span class='ocrx_word' id='word_1_199' title='bbox 523 1716 586 1736; x_wconf 87' lang='lat' dir='ltr'>nec</span> <span class='ocrx_word' id='word_1_200' title='bbox 610 1704 764 1736; x_wconf 82' lang='lat' dir='ltr'>Verbum</span> <span class='ocrx_word' id='word_1_201' title='bbox 789 1716 926 1737; x_wconf 78' lang='lat' dir='ltr'>carnem</span> <span class='ocrx_word' id='word_1_202' title='bbox 957 1705 1084 1738; x_wconf 85' lang='lat' dir='ltr'>factum</span> <span class='ocrx_word' id='word_1_203' title='bbox 1108 1704 1222 1749; x_wconf 86' lang='lat' dir='ltr'>potuit</span> <span class='ocrx_word' id='word_1_204' title='bbox 1245 1717 1351 1748; x_wconf 83' lang='lat' dir='ltr'>agno-</span> 
     </span>
     <span class='ocr_line' id='line_1_27' title="bbox 209 1765 1351 1812; baseline 0.002 -14"><span class='ocrx_word' id='word_1_205' title='bbox 209 1778 320 1807; x_wconf 84' lang='lat' dir='ltr'>scere,</span> <span class='ocrx_word' id='word_1_206' title='bbox 353 1765 432 1811; x_wconf 84' lang='lat' dir='ltr'>quia</span> <span class='ocrx_word' id='word_1_207' title='bbox 465 1766 571 1799; x_wconf 77' lang='lat' dir='ltr'>multa</span> <span class='ocrx_word' id='word_1_208' title='bbox 602 1765 754 1812; x_wconf 84' lang='lat' dir='ltr'>jumenta</span> <span class='ocrx_word' id='word_1_209' title='bbox 787 1766 977 1808; x_wconf 82' lang='lat' dir='ltr'>habebant,</span> <span class='ocrx_word' id='word_1_210' title='bbox 1013 1776 1046 1800; x_wconf 91' lang='lat' dir='ltr'>et</span> <span class='ocrx_word' id='word_1_211' title='bbox 1074 1767 1183 1800; x_wconf 84' lang='lat' dir='ltr'>multa</span> <span class='ocrx_word' id='word_1_212' title='bbox 1213 1780 1351 1812; x_wconf 79' lang='lat' dir='ltr'>pecora.</span> 
     </span>
     <span class='ocr_line' id='line_1_28' title="bbox 209 1827 1351 1874; baseline 0.002 -14"><span class='ocrx_word' id='word_1_213' title='bbox 209 1827 375 1862; x_wconf 85' lang='lat' dir='ltr'>Animalis</span> <span class='ocrx_word' id='word_1_214' title='bbox 390 1828 428 1871; x_wconf 83' lang='lat'>²)</span> <span class='ocrx_word' id='word_1_215' title='bbox 453 1841 532 1871; x_wconf 86' lang='lat' dir='ltr'>ergo</span> <span class='ocrx_word' id='word_1_216' title='bbox 548 1828 586 1872; x_wconf 84' lang='lat'>³)</span> <span class='ocrx_word' id='word_1_217' title='bbox 616 1828 724 1861; x_wconf 89' lang='lat' dir='ltr'>homo</span> <span class='ocrx_word' id='word_1_218' title='bbox 765 1840 837 1861; x_wconf 89' lang='lat' dir='ltr'>non</span> <span class='ocrx_word' id='word_1_219' title='bbox 877 1827 990 1872; x_wconf 82' lang='lat' dir='ltr'>potuit</span> <span class='ocrx_word' id='word_1_220' title='bbox 1028 1827 1225 1874; x_wconf 82' lang='lat' dir='ltr'>percipere,</span> <span class='ocrx_word' id='word_1_221' title='bbox 1263 1842 1351 1874; x_wconf 86' lang='lat' dir='ltr'>quae</span> 
     </span>
     <span class='ocr_line' id='line_1_29' title="bbox 208 1889 1350 1936; baseline 0.002 -14"><span class='ocrx_word' id='word_1_222' title='bbox 208 1899 285 1922; x_wconf 91' lang='lat' dir='ltr'>sunt</span> <span class='ocrx_word' id='word_1_223' title='bbox 324 1889 470 1935; x_wconf 86' lang='lat' dir='ltr'>Spiritus</span> <span class='ocrx_word' id='word_1_224' title='bbox 512 1889 602 1931; x_wconf 83' lang='lat' dir='ltr'>Dei,</span> <span class='ocrx_word' id='word_1_225' title='bbox 650 1903 712 1923; x_wconf 91' lang='lat' dir='ltr'>nec</span> <span class='ocrx_word' id='word_1_226' title='bbox 754 1889 975 1935; x_wconf 88' lang='lat' dir='ltr'>spiritualiter</span> <span class='ocrx_word' id='word_1_227' title='bbox 1015 1889 1221 1936; x_wconf 81' lang='lat' dir='ltr'>dijudicare;</span> <span class='ocrx_word' id='word_1_228' title='bbox 1269 1891 1350 1935; x_wconf 77' lang='lat' dir='ltr'>quia</span> 
     </span>
     <span class='ocr_line' id='line_1_30' title="bbox 207 1950 1346 1996; baseline 0.002 -13"><span class='ocrx_word' id='word_1_229' title='bbox 207 1951 336 1991; x_wconf 83' lang='lat' dir='ltr'>„homo</span> <span class='ocrx_word' id='word_1_230' title='bbox 350 1950 386 1996; x_wconf 79' lang='lat'>4)</span> <span class='ocrx_word' id='word_1_231' title='bbox 411 1951 447 1985; x_wconf 89' lang='lat' dir='ltr'>in</span> <span class='ocrx_word' id='word_1_232' title='bbox 471 1951 607 1985; x_wconf 85' lang='lat' dir='ltr'>honore</span> <span class='ocrx_word' id='word_1_233' title='bbox 633 1965 711 1985; x_wconf 89' lang='lat' dir='ltr'>cum</span> <span class='ocrx_word' id='word_1_234' title='bbox 731 1960 825 1992; x_wconf 82' lang='lat' dir='ltr'>esset,</span> <span class='ocrx_word' id='word_1_235' title='bbox 848 1964 921 1986; x_wconf 89' lang='lat' dir='ltr'>non</span> <span class='ocrx_word' id='word_1_236' title='bbox 936 1951 1132 1993; x_wconf 83' lang='lat' dir='ltr'>intellexit,“</span> <span class='ocrx_word' id='word_1_237' title='bbox 1155 1953 1215 1986; x_wconf 88' lang='lat' dir='ltr'>sed</span> <span class='ocrx_word' id='word_1_238' title='bbox 1229 1965 1346 1994; x_wconf 88' lang='lat' dir='ltr'>„com-</span> 
     </span>
    </p>
   </div>
   <div class='ocr_carea' id='block_1_3' title="bbox 206 2012 1346 2059">
    <p class='ocr_par' dir='ltr' id='par_1_3' title="bbox 206 2012 1346 2059">
     <span class='ocr_line' id='line_1_31' title="bbox 206 2012 1346 2059; baseline 0.002 -13"><span class='ocrx_word' id='word_1_239' title='bbox 206 2022 342 2056; x_wconf 82' lang='lat' dir='ltr'>paratus</span> <span class='ocrx_word' id='word_1_240' title='bbox 367 2022 414 2047; x_wconf 80' lang='lat' dir='ltr'>est</span> <span class='ocrx_word' id='word_1_241' title='bbox 436 2012 595 2059; x_wconf 80' lang='lat' dir='ltr'>jumentis</span> <span class='ocrx_word' id='word_1_242' title='bbox 619 2012 866 2059; x_wconf 85' lang='lat' dir='ltr'>insipientibus,</span> <span class='ocrx_word' id='word_1_243' title='bbox 891 2023 923 2047; x_wconf 86' lang='lat' dir='ltr'>et</span> <span class='ocrx_word' id='word_1_244' title='bbox 946 2014 1064 2048; x_wconf 88' lang='lat' dir='ltr'>similis</span> <span class='ocrx_word' id='word_1_245' title='bbox 1087 2015 1196 2048; x_wconf 81' lang='lat' dir='ltr'>factus</span> <span class='ocrx_word' id='word_1_246' title='bbox 1211 2023 1260 2048; x_wconf 82' lang='lat' dir='ltr'>est</span> <span class='ocrx_word' id='word_1_247' title='bbox 1275 2013 1346 2053; x_wconf 84' lang='lat' dir='ltr'>iis,“</span> 
     </span>
    </p>
   </div>
   <div class='ocr_carea' id='block_1_4' title="bbox 289 2194 1138 2350">
    <p class='ocr_par' dir='ltr' id='par_1_4' title="bbox 289 2194 1138 2350">
     <span class='ocr_line' id='line_1_32' title="bbox 299 2194 808 2237; baseline 0.002 -9"><span class='ocrx_word' id='word_1_248' title='bbox 299 2194 332 2237; x_wconf 85' lang='grc'>1)</span> <span class='ocrx_word' id='word_1_249' title='bbox 357 2196 459 2230; x_wconf 65' lang='lat' dir='ltr'>Num.</span> <span class='ocrx_word' id='word_1_250' title='bbox 485 2196 638 2236; x_wconf 76' lang='grc' dir='ltr'><strong>ΧΧΧΠ,</strong></span> <span class='ocrx_word' id='word_1_251' title='bbox 665 2200 692 2232; x_wconf 89' lang='lat'>1.</span> <span class='ocrx_word' id='word_1_252' title='bbox 719 2206 751 2230; x_wconf 73' lang='lat' dir='ltr'>et</span> <span class='ocrx_word' id='word_1_253' title='bbox 778 2198 808 2231; x_wconf 78' lang='grc'>4.</span> 
     </span>
     <span class='ocr_line' id='line_1_33' title="bbox 293 2251 1138 2296; baseline 0.005 -13"><span class='ocrx_word' id='word_1_254' title='bbox 293 2251 330 2294; x_wconf 82' lang='lat'>²)</span> <span class='ocrx_word' id='word_1_255' title='bbox 355 2251 369 2282; x_wconf 91' lang='lat' dir='ltr'>I</span> <span class='ocrx_word' id='word_1_256' title='bbox 396 2251 475 2285; x_wconf 91' lang='lat' dir='ltr'>Cor.</span> <span class='ocrx_word' id='word_1_257' title='bbox 500 2253 552 2291; x_wconf 81' lang='lat' dir='ltr'>Il,</span> <span class='ocrx_word' id='word_1_258' title='bbox 576 2252 628 2285; x_wconf 81' lang='lat'>14.</span> <span class='ocrx_word' id='word_1_259' title='bbox 679 2251 716 2296; x_wconf 76' lang='lat'>³)</span> <span class='ocrx_word' id='word_1_260' title='bbox 743 2252 830 2287; x_wconf 86' lang='lat' dir='ltr'><strong>Edd.</strong></span> <span class='ocrx_word' id='word_1_261' title='bbox 856 2252 1011 2287; x_wconf 81' lang='lat' dir='ltr'>Merlini:</span> <span class='ocrx_word' id='word_1_262' title='bbox 1037 2254 1138 2287; x_wconf 87' lang='lat' dir='ltr'>enim.</span> 
     </span>
     <span class='ocr_line' id='line_1_34' title="bbox 289 2306 710 2350; baseline 0.005 -10"><span class='ocrx_word' id='word_1_263' title='bbox 289 2306 325 2350; x_wconf 81' lang='lat'>⁴)</span> <span class='ocrx_word' id='word_1_264' title='bbox 353 2307 474 2342; x_wconf 75' lang='lat' dir='ltr'>Psaim.</span> <span class='ocrx_word' id='word_1_265' title='bbox 499 2307 634 2347; x_wconf 86' lang='lat' dir='ltr'>XLIX,</span> <span class='ocrx_word' id='word_1_266' title='bbox 660 2308 710 2342; x_wconf 81' lang='lat'>12.</span> 
     </span>
    </p>
   </div>
   <div class='ocr_carea' id='block_1_5' title="bbox 1394 522 1427 2460">
    <p class='ocr_par' dir='ltr' id='par_1_5' title="bbox 1394 522 1427 2460">
     <span class='ocr_line' id='line_1_35' title="bbox 1394 522 1427 2460; baseline 0 0"><span class='ocrx_word' id='word_1_267' title='bbox 1394 522 1427 2460; x_wconf 95' lang='lat' dir='ltr'> </span> 
     </span>
    </p>
   </div>
  </div>
 </body>
</html>
