1427 2460
356 87 393 110 m
415 76 595 109 Nummos
621 71 781 106 Humum
800 69 859 104 IX,
1134 69 1179 104 85

0 164 2 212 J
45 170 136 202 bona
161 177 247 207 sunt,
272 166 370 208 eligit,
394 174 424 198 et
447 164 490 197 ad
513 164 641 197 bonam
665 175 728 195 nos
752 158 1042 194 conversationem
1067 158 1177 199 trahit,

0 222 2 252 ¹*
45 229 125 263 sacit
147 243 211 263 nos
235 242 289 261 vas
311 226 404 260 utile.
452 224 539 258 Cum
574 232 685 257 autem
718 222 917 265 neglexerit,
949 229 980 254 et
1013 221 1175 254 deciderit

0 286 1 294 ἵ
44 291 257 335 propositum
279 297 435 322 nostrum
462 300 479 319 a
504 286 624 324 bonis,'
655 284 824 317 efficimur
849 297 904 317 vas
929 283 972 316 ad
997 290 1175 316 contume-

43 352 133 385 liam.
197 350 233 384 Si
265 362 343 391 ergo
377 347 566 381 intellectus
597 355 713 379 noster
742 347 852 379 luteus
883 344 941 385 sit,
980 353 1012 377 et
1036 345 1078 377 de
1100 345 1174 377 luto

42 425 175 457 semper
198 425 236 445 ac
261 412 303 444 de
326 409 467 443 terrenis
492 408 623 450 cogitet,
648 407 815 440 efficimur
836 419 889 440 vas
903 406 1016 446 fictile,
1040 415 1073 439 et
1089 419 1175 450 opus

40 486 204 506 manuum
227 472 329 514 figuli.
387 471 432 503 Et
467 470 556 503 forte
587 478 729 514 propter
751 469 818 502 hoe
841 469 911 508 iste,
936 468 994 513 qui
1017 468 1091 501 talis
1117 476 1174 506 est,

40 536 233 579 increpatur
256 534 298 567 ab
324 532 505 577 Apostolo,
531 530 625 576 quasi
650 530 706 575 qui
730 543 865 564 sensum
890 530 1019 562 habens
1042 529 1173 561 luteum

42 605 73 628 et
103 604 292 634 terrenum,
324 595 366 627 de
390 594 519 635 magnis
554 601 586 625 et
617 592 674 632 iis,
701 605 786 637 quae
812 604 934 636 capere
956 604 1029 625 non
1053 598 1173 635 potest,

41 665 181 701 quaerat
205 664 237 688 et
260 654 365 688 dicat:
395 653 549 699 ‚‚quid¹)
579 666 658 695 ergo
683 655 793 686 adhuc
818 652 1063 698 conqueritur?
1101 652 1173 684 Vo-

39 718 161 750 luntati
190 716 277 750 enim
304 715 374 762 ejus
399 715 471 760 quis
495 714 662 748 resistit?“
710 714 774 748 Cui
793 716 981 759 Apostolus
1002 713 1096 758 quasi
1119 713 1172 745 lu-

38 789 94 812 teo
119 778 314 823 respondit:
339 787 396 818 „tu
409 777 445 820 ²)
469 777 541 821 quis
559 790 602 816 es,
630 790 650 810 ο
673 777 791 817 homo,
816 776 873 820 qui
896 785 1011 809 contra
1031 787 1174 818 respon-

39 841 116 873 deas
141 838 243 872 Deo?
287 841 378 873 Num
403 838 485 882 quid
519 838 600 871 dicit
624 838 820 880 figmentum
846 837 893 877 ei,
917 836 975 881 qui
999 849 1033 869 se
1061 835 1173 868 finxit:

38 901 120 946 quid
147 913 202 933 me
226 900 332 933 fecisti
356 898 444 933 sic?“
499 899 635 932 Dicitur
666 909 838 944 praeterea
873 912 996 944 corpus
1019 908 1174 931 nostrum

39 976 92 995 vas
117 961 226 1002 fictile,
251 961 318 995 sive
343 961 442 995 etiam
466 960 546 1002 Iegis
570 960 677 1000 litera,
701 960 736 993 in
763 974 814 1000 eo,
840 961 933 1005 quod
959 959 1004 992 ait
1028 960 1176 1003 Aposto-

39 1025 105 1057 lus:
137 1024 366 1065 ‚,habentes³)
399 1032 510 1056 autem
540 1023 737 1056 thesaurum
770 1023 861 1055 hunc
894 1022 930 1054 in
956 1022 1037 1054 vasis
1061 1019 1172 1053 fictili-

39 1086 134 1118 bus.“
179 1084 374 1129 Utrumque
406 1084 494 1117 enim
519 1083 553 1116 in
580 1085 646 1116 hoc
668 1097 825 1118 sermone
849 1083 955 1128 accipi
980 1091 1108 1126 potest:
1145 1090 1176 1112 et

41 1147 134 1190 quod
159 1146 192 1178 in
218 1154 366 1190 corpore
390 1144 490 1177 nobis
513 1145 630 1189 positis
651 1145 846 1178 thesaurum
870 1145 994 1186 gratiae
1019 1157 1080 1188 per
1098 1141 1175 1187 Spi-

39 1208 140 1240 ritum
165 1216 317 1241 sanctum
340 1206 510 1238 Dominus
534 1205 703 1247 largiatur,
730 1216 761 1238 et
784 1208 878 1250 quod
902 1206 936 1238 in
960 1204 1175 1238 sermonibus

39 1268 136 1309 legis,
172 1267 229 1312 qui
262 1267 340 1300 viles
373 1276 404 1299 et
439 1268 474 1299 in
501 1276 674 1299 contemtu
699 1268 866 1300 habentur
891 1281 954 1312 pro
983 1280 1043 1308 eo,
1081 1266 1175 1310 quod

37 1329 129 1361 nulla
155 1337 225 1360 arte
250 1329 462 1369 grammatica
489 1327 627 1371 expoh‘ti
649 1328 814 1368 videntur,
828 1328 1025 1361 reconditus
1049 1329 1088 1361 sit
1101 1327 1174 1359 the-

37 1403 154 1424 saurus
178 1389 359 1433 sapientiae
385 1399 416 1422 et
438 1389 594 1422 scientiae
619 1388 702 1422 Dei:
727 1390 772 1422 ita
797 1399 834 1422 ut
858 1389 980 1423 merito
1005 1388 1072 1421 dici
1095 1401 1174 1432 pos-

38 1451 88 1490 sit,
113 1452 207 1495 quod
231 1450 264 1483 in
291 1450 370 1494 ipsis
395 1450 460 1483 sint
484 1450 630 1484 thesauri
655 1450 848 1495 sapientiae,
874 1461 904 1484 et
928 1450 1085 1484 scientiae
1107 1449 1174 1482 Dei

38 1511 236 1546 absconditi.
291 1511 384 1544 Haec
408 1512 508 1545 nobis
533 1511 619 1545 dicta
643 1512 709 1545 sint
733 1514 774 1546 de
799 1512 1049 1552 confractione,
1089 1525 1176 1556 quae

38 1587 179 1607 cessasse
202 1582 430 1607 memoratur:
454 1587 545 1607 nunc
573 1583 682 1607 autem
707 1587 815 1618 pauca
840 1574 940 1607 etiam
956 1574 998 1606 de
1021 1572 1175 1617 sequenti

39 1635 178 1668 historia
205 1635 420 1675 disseramus,
454 1635 490 1668 in
516 1648 580 1680 qua
613 1635 781 1678 virgarum
816 1635 1098 1669 commemoratio
1123 1634 1177 1667 in-

37 1696 239 1730 troducitur.

130 1757 160 1791 7.
185 1757 299 1801 ‚‚Et‘²)
334 1758 468 1790 locutus
501 1766 548 1790 est
579 1757 753 1792 Dominus
784 1760 826 1791 ad
860 1759 1004 1798 Mosen,
1043 1758 1175 1792 dicens:

40 1820 180 1863 loquere
203 1818 277 1852 filiis
300 1818 413 1858 Israel,
437 1828 469 1851 et
493 1819 608 1863 accipe
632 1821 674 1852 ab
699 1820 737 1853 iis
757 1821 883 1862 virgam
904 1833 965 1864 per
982 1820 1103 1853 domos
1127 1820 1179 1852 fa·-

39 1880 210 1913 mih'arum
234 1879 399 1924 ipsorum,
424 1880 466 1912 ab
492 1880 652 1914 omnibus
675 1880 888 1926 principibus
911 1881 1064 1925 ipsorum
1090 1881 1177 1913 duo-

40 1942 148 1976 decim
175 1941 299 1983 virgas:
337 1950 368 1973 et
399 1940 666 1987 uniuscujusque
697 1955 816 1975 eorum
850 1955 978 1975 nomen
1009 1941 1119 1974 scribe
1142 1941 1178 1974 in

41 2003 129 2045 virga
152 2016 229 2037 sua:
263 2011 296 2036 et
326 2014 454 2035 nomen
486 2003 604 2036 Aaron
634 2002 744 2037 scribe
773 2003 808 2036 in
840 2003 929 2046 virga
953 2002 1048 2037 Levi:
1080 2002 1178 2045 est⁵)

136 2153 170 2197 ¹)
195 2153 300 2186 Rom.
325 2153 385 2194 IX,
410 2155 462 2189 19.
556 2154 593 2198 ²)
618 2156 719 2189 Rom.
742 2155 802 2196 IX,
825 2157 879 2191 20.

134 2208 171 2252 ³)
195 2209 225 2241 ΙΙ
251 2209 330 2244 Cor.
354 2210 412 2251 lV,
435 2212 467 2245 7.
563 2210 599 2255 ⁴²)
623 2212 725 2244 Num.
750 2211 859 2252 XVII,
882 2213 994 2249 1-5,

136 2264 171 2305 ⁵)
196 2263 251 2299 Sic
278 2275 367 2299 recte
392 2266 504 2300 Codd.
529 2267 609 2301 Mss.
635 2267 867 2308 Belvaccnsis‚
898 2267 1126 2306 Turonensis,
1149 2275 1180 2299 et
