1427 2460
354 57 387 80 m
414 46 590 81 Nummos
616 45 774 77 Homum
805 44 893 76 XlV.
1129 46 1194 80 159

64 137 228 171 curiosius
251 137 462 170 intendentes
485 135 519 167 in
544 136 611 167 hoc
634 134 713 167 loco
740 134 997 166 observavimus.
1061 135 1098 166 ln
1122 133 1191 167 Hc-

63 201 246 233 braeorum
270 196 372 231 literis
394 208 521 230 nomen
545 196 624 236 Dei,
648 196 714 230 hoc
739 205 785 229 cst
810 195 914 235 Deus,
939 197 990 228 vel
1012 194 1195 235 Dominus,

66 261 194 294 diverse
216 258 316 293 scribi
340 257 472 291 dicitur.
526 257 632 291 Aliter
664 258 754 290 enim
786 258 944 290 scribitur
973 257 1087 297 Deus,
1121 258 1195 301 qui-

61 314 202 366 cunque
223 321 335 353 Deus:
367 318 463 352 aliter
486 319 581 352 Deus
603 318 693 363 ipse,
717 320 759 352 dc
784 332 853 364 quo
879 318 1016 352 dicitur:
1047 318 1148 359 „audi
1162 319 1197 363 ι’)

64 383 175 424 Israel,
210 381 381 417 Dominus
405 380 499 415 Deus
522 391 618 420 tuus,
655 381 750 413 Deus
775 394 861 414 unus
886 384 965 413 cst.“
1027 380 1092 413 Istc
1117 392 1196 422 crgo

66 445 159 477 Deus
181 443 292 483 lsrael,
314 443 410 476 Deus
433 455 539 482 unus,
571 451 604 475 et
627 452 759 476 creator
781 441 955 481 omnium,
990 451 1083 474 certo
1111 454 1198 485 quo-

66 506 146 538 dam
167 504 342 538 literarum
365 504 459 546 signo
485 503 652 543 scribitur,
677 505 772 548 quod
790 504 881 548 apud
901 503 979 536 illos
1001 511 1199 545 tetragram—

67 575 186 600 maton
205 566 338 600 dicitur.
371 566 408 599 Si
433 566 570 611 quando
596 577 675 607 ergo
700 566 763 598 sub
787 565 853 598 hoc
877 565 972 607 signo
996 565 1031 597 in
1046 563 1201 608 Scriptu-

67 626 113 660 ris
135 627 292 661 scribitur
315 628 420 667 Deus,
442 628 537 661 nulla
561 636 609 660 est
632 626 810 666 dubitatio,
834 626 917 671 quin
942 627 984 658 de
1008 626 1085 658 Deo
1108 637 1202 664 vero,

69 698 101 722 ct
124 688 244 722 mundi
270 698 421 722 creatore
445 690 586 724 dicatur.
645 688 683 721 Si
708 689 846 732 quando
869 700 949 720 vcro
974 686 1056 726 aliis,
1080 686 1116 718 id
1144 695 1202 726 cst,

71 750 312 784 communibus
334 750 438 784 literis
460 750 628 790 scribitur,
652 750 819 783 incertum
842 750 997 789 habetur,
1021 757 1134 781 utrum
1160 748 1204 780 dc

70 812 147 844 Deo
171 824 263 852 vero,
287 826 330 845 an
355 812 398 844 de
421 811 535 856 aliquo
561 825 600 844 ex
623 811 689 844 illis
715 812 866 851 dicatur,
887 812 930 844 de
953 810 1077 854 quibus
1102 809 1204 854 Apo-

70 873 176 907 stolus
201 872 299 907 dicit:
334 873 532 917 ,‚tametsi²)
563 882 658 912 sunt,
692 873 751 918 qui
783 873 939 906 dicantur
971 871 1033 911 dii,
1070 870 1137 904 sive
1167 869 1204 902 in
1235 862 1237 869 ¹

72 934 182 974 coelo,
205 934 274 968 sive
296 933 332 968 in
356 944 462 968 terra:
484 934 569 968 sicut
591 944 669 968 sunt
693 934 739 968 dii
762 935 872 974 multi,
897 943 928 966 et
941 932 1074 967 domini
1087 931 1206 965 multi:

71 995 174 1029 nobis
196 1005 310 1030 tamen
332 1009 421 1030 unus
443 996 537 1029 Deus
560 1005 667 1041 pater,
692 1009 730 1029 ex
755 1010 824 1041 quo
851 995 976 1034 omnia,
1002 1004 1034 1027 et
1057 1008 1120 1027 nos
1143 1006 1206 1038 per

71 1057 217 1102 ipsum.“
264 1058 367 1091 Aiunt
391 1070 491 1099 ergo,
515 1058 573 1102 qui
596 1057 771 1091 hebraicas
795 1057 906 1090 literas
929 1058 1055 1098 legunt,
1077 1055 1114 1088 in
1137 1055 1207 1087 hoc

74 1118 154 1153 loco
185 1119 281 1152 Deus
312 1132 386 1152 non
416 1119 479 1152 sub
511 1119 607 1160 signo
639 1117 902 1162 tetragrammati
931 1130 1001 1150 esse
1038 1116 1207 1160 positum:

75 1181 119 1213 de
142 1193 222 1225 quo,
247 1181 304 1225 qui
327 1189 447 1225 potest,
470 1180 629 1225 requirat.
676 1181 746 1214 Sed
770 1190 800 1214 et
825 1180 921 1225 quod
945 1177 1028 1212 dixit
1042 1178 1138 1210 Deus
1162 1177 1206 1209 ad

76 1241 217 1274 Balaam
243 1241 338 1286 quasi
360 1242 582 1284 interrogans,
607 1241 666 1286 qui
687 1250 766 1274 sunt
787 1240 840 1275 isti
863 1240 1040 1280 homines,
1064 1238 1209 1284 requiri-

76 1311 141 1342 tur,
165 1315 226 1335 cur
248 1303 405 1345 ignorare
428 1302 598 1335 videatur:
630 1311 661 1334 et
695 1303 816 1335 iterum
850 1303 944 1346 quod
973 1301 1037 1334 ait:
1067 1300 1210 1342 „non³)

78 1364 258 1398 maledices
282 1363 471 1409 populum:
497 1372 544 1397 est
562 1364 650 1396 enim
667 1364 864 1397 benedictus
875 1367 904 1395 :“
925 1363 972 1398 sic
995 1362 1108 1406 itaque
1131 1371 1209 1406 pot-

79 1433 126 1458 est
139 1424 290 1467 intelligi,
306 1425 401 1470 quasi
413 1424 449 1469 4)
465 1424 599 1458 dixerit:
617 1438 690 1458 non
703 1426 882 1459 maledices
900 1425 1071 1470 populum
1083 1436 1208 1456 meum.

167 1487 198 1519 2.
223 1487 294 1520 Nos
317 1486 452 1519 interim
477 1486 630 1527 dicimus,
654 1486 904 1532 dispensatione
929 1486 1077 1530 quadam
1102 1493 1134 1516 ct
1156 1497 1210 1517 sa-

77 1547 205 1591 pientia
233 1548 300 1582 Dei
330 1547 376 1580 ita
411 1548 526 1581 omnia
556 1547 592 1580 in
626 1548 692 1582 hoc
716 1550 848 1582 mundo
874 1559 942 1581 esse
965 1545 1142 1590 disposita,
1175 1553 1212 1576 ut

77 1608 164 1642 nihil
187 1623 326 1654 prorsus
352 1610 500 1643 otiosum
523 1609 564 1643 sit
587 1612 680 1654 apud
704 1611 838 1652 Deum,
869 1607 997 1643 etiamsi
1019 1607 1148 1640 malum
1171 1605 1213 1638 il-

79 1671 140 1703 lud
161 1669 212 1712 sit,
236 1670 364 1705 etiamsi
389 1672 532 1705 bonum.
588 1671 659 1705 Sed
681 1671 832 1717 planius,
863 1670 958 1715 quod
983 1667 1125 1707 dicitur,
1157 1680 1213 1700 ex-

80 1730 252 1775 plicemus.
299 1721 469 1767 Malitiam'
490 1734 585 1766 Deus
608 1746 681 1766 non
705 1733 799 1766 feeit:
828 1729 992 1775 tamen⁵)
1017 1743 1094 1762 cum
1119 1729 1162 1761 ab
1176 1728 1213 1771 ⁶)

28 1807 37 1809 -
80 1792 152 1826 aliis
175 1792 346 1827 inventam
376 1795 482 1839 possit
503 1794 710 1840 prohibere,
734 1807 806 1827 non
831 1791 1010 1838 prohibet:
1041 1791 1100 1824 sed
1135 1802 1213 1822 cum

177 1918 214 1963 ¹)
237 1919 339 1952 Deut.
362 1920 420 1960 VI,
443 1920 475 1954 4.
571 1920 608 1965 ²)
633 1921 647 1952 Ι
673 1919 753 1953 Cor.
778 1918 868 1959 VIII,
889 1919 922 1954 5.
945 1917 977 1952 6.

175 1975 214 2020 ³)
237 1976 337 2010 Num.
361 1976 473 2016 XXII,
500 1976 551 2010 12.

176 2029 213 2074 ⁴)
237 2030 326 2065 Edd.
349 2030 505 2065 Mcrlini:
530 2032 627 2077 quasi
649 2032 676 2066 si
699 2031 828 2065 dixerit.

179 2085 217 2130 ⁵)
239 2086 329 2120 Edd.
353 2086 510 2120 Merlini:
546 2097 658 2121 tamen
691 2100 751 2120 cur
782 2099 859 2120 cum
884 2087 926 2118 ab
951 2084 1023 2119 aliis
1046 2085 1216 2118 inventam

86 2145 145 2164 —-:
168 2132 227 2165 sed
252 2145 330 2165 cum
353 2133 442 2177 ipsiS,
468 2152 520 2172 -,
542 2133 647 2166 utitur
673 2153 713 2159 —
738 2131 877 2166 causas?
902 2131 969 2164 Per
992 2131 1083 2175 ipsos
1107 2139 1168 2162 cte.

178 2185 278 2265 ⁶)bln
309 2197 437 2222 textum
467 2189 593 2234 recepi,
631 2189 726 2233 quod
755 2187 791 2220 in
826 2188 878 2220 ed.
909 2185 1018 2220 Ruaei
1049 2185 1217 2220 desidera-

86 2240 156 2265 tur:
181 2245 220 2273 „a
248 2237 278 2266 .“
