1427 2460
178 120 213 143 Vl
613 114 890 140 PROLEGOMENA.

181 197 333 232 Huetius
359 195 661 241 Origenianorum
685 195 819 230 lib.111.
844 204 923 240 cap.
942 195 974 229 2.
1000 196 1087 228 sect.
1115 194 1145 228 1.
1170 203 1265 228 num.
1280 196 1311 230 2.

180 261 212 296 3.
237 263 273 293 et
297 268 396 303 seqq.

268 320 311 354 11.
354 318 534 352 Eusebius
557 318 688 352 lib.Vl.
714 316 1028 352 Hist.Ecclesiast.
1053 327 1131 363 cap.
1142 318 1197 352 24.
1223 316 1311 351 duo-

180 382 298 416 decim
327 384 467 415 tantum
491 382 757 413 commemorat
786 379 823 412 in
848 378 1006 412 Genesin
1035 376 1187 425 Τόμους.
1240 378 1312 412 Eu-

179 443 320 477 sebium
344 443 490 476 secutus
515 443 570 474 est
594 439 733 473 Suidas.
780 439 916 474 Verum
938 440 996 474 bis
1022 440 1066 475 ab
1085 440 1311 485 Hieronymo

178 503 353 539 tredecim
377 505 611 536 numerantur
634 501 738 535 Tom.
752 500 810 534 IV.
834 511 952 536 novae
976 501 1058 536 edit.
1082 511 1162 547 pag.
1178 503 1255 536 430.
1279 503 1317 535 et

180 566 284 599 Tom.
307 566 348 598 11.
372 574 452 610 pag.
471 564 566 605 562,
601 562 665 596 ubi
691 561 895 607 explicans,
920 573 1013 607 quae
1037 562 1160 608 capite
1183 565 1313 607 quarto

182 628 369 662 Geneseos
395 625 533 670 scripta
561 627 643 657 sunt
667 625 719 660 de>
737 623 827 657 Cain
853 627 889 657 et
912 623 1089 667 Lamech,
1114 624 1315 659 Damasum

179 687 317 733 Papam
341 690 465 720 monet
483 685 680 730 Origenem
705 685 961 719 duodecimum
986 688 1022 718 et
1045 684 1194 719 tertium
1218 684 1315 719 deci-

177 760 275 784 mum
306 749 343 783 in
373 747 530 782 Genesin
567 746 702 781 librum
739 747 782 781 de
820 746 889 781 hac
927 749 1066 781 tantum
1101 746 1316 790 quaestione

178 811 346 845 dictasse.
393 808 485 843 Hinc
509 807 546 842 in
568 806 721 842 Eusebii
744 807 830 842 loco
856 819 944 843 mox
969 809 1081 842 citato
1108 807 1315 853 suspicatur

178 871 330 905 Huetius
352 870 412 905 vel
435 880 601 905 errorem
626 880 707 903 esse
731 869 886 912 librarii,
913 869 973 914 qui
999 869 1238 915 adscripserit
1253 866 1312 913 ιβ’.

175 942 245 977 pro
271 945 340 977 ιγ.,
371 930 430 965 vel
454 934 555 965 certe
586 931 623 965 in
649 941 692 965 eo
719 923 814 966 Codi
868 959 877 974 ,
909 942 980 977 quo
1005 931 1177 965 utebatur
1199 930 1314 964 Euse-

175 992 270 1035 bius,
294 992 331 1026 in
345 1003 454 1026 unum
471 992 656 1027 coaluisse
669 993 900 1038 posteriores
922 992 1041 1026 libros
1060 993 1163 1033 duos,
1185 994 1315 1037 utpote

177 1052 240 1098 qui
264 1053 365 1088 circa
386 1053 484 1087 idem
509 1057 757 1099 argumentum
778 1059 1021 1089 versarentur.
1067 1053 1117 1088 Ut
1139 1057 1180 1088 ut
1203 1056 1269 1096 est,
1294 1062 1315 1087 e

175 1114 380 1159 posteriori
403 1113 619 1160 Hieronymi
641 1114 747 1158 loco,
777 1114 841 1149 ubi
865 1115 1044 1150 tredecim
1067 1114 1314 1156 numerantur,

175 1174 292 1219 liquet
313 1174 429 1209 hosce
453 1175 740 1210 commentarios
765 1186 840 1210 non
862 1186 1084 1222 progressos
1109 1186 1192 1210 esse
1216 1173 1315 1209 ultra

177 1235 365 1270 Geneseos
390 1240 501 1281 caput
524 1239 702 1281 quartum.
756 1237 837 1271 Huc
865 1237 1027 1283 pertinet
1050 1237 1150 1281 quod
1171 1235 1234 1270 lib.
1253 1234 1314 1269 VI.

175 1300 306 1331 contra
329 1295 477 1331 Celsum
508 1296 597 1331 citat
627 1297 710 1343 ipse
735 1296 934 1341 Origenes,
972 1307 1064 1340 quae
1093 1297 1132 1330 in
1156 1296 1316 1331 Genesin

178 1358 377 1403 scripserat
401 1358 446 1391 ab
478 1357 584 1392 initio
608 1357 697 1392 libri
719 1368 836 1402 usque
868 1358 913 1391 ad
942 1357 1035 1391 haec
1057 1356 1190 1392 verba:
1220 1356 1314 1399 „Hic

177 1422 232 1452 est
252 1418 348 1453 liber
363 1418 620 1454 Generationis
634 1418 771 1453 Adam“
798 1421 878 1461 etc.,
904 1418 1035 1463 quibus
1051 1417 1184 1464 capitis
1200 1417 1315 1462 quinti

173 1480 317 1514 initium
342 1480 559 1515 continetur.
617 1480 778 1514 Eosdem
801 1483 926 1514 tomos
952 1479 1084 1514 citatos
1107 1479 1314 1525 reperimus

174 1546 304 1577 contra
328 1542 475 1576 Celsum
504 1541 640 1577 1ib.lV.
666 1542 769 1576 Tom.
792 1543 848 1577 35.
870 1541 908 1575 in
930 1541 1176 1584 Matthaeum,
1199 1540 1264 1575 lib.
1287 1541 1314 1573 I.

174 1605 259 1650 περὶ
295 1602 419 1649 ἀρχῶν
453 1614 532 1650 cap.
556 1605 587 1639 3.
621 1606 658 1637 et
687 1602 751 1637 lib.
775 1603 818 1636 ΙΙ.
843 1613 924 1649 cap.
946 1604 978 1639 3.
1045 1603 1141 1638 Octo
1165 1602 1313 1649 priores

173 1664 418 1699 Alexandriae
442 1675 484 1700 ac
506 1664 664 1711 proinde
688 1667 772 1699 ante
796 1673 928 1698 annum
950 1665 1048 1706 232,
1073 1674 1145 1709 quo
1173 1674 1220 1698 ex
1242 1663 1314 1698 hac

172 1725 264 1759 urbe
289 1726 508 1775 Caesaream
533 1737 573 1761 se
595 1725 737 1772 recepit
753 1725 943 1770 Origenes,
969 1724 1206 1760 elucubratos
1231 1733 1314 1758 esse

172 1786 210 1820 in
232 1786 329 1820 libro
354 1798 451 1822 nono
478 1787 722 1833 significabat,
753 1790 850 1822 teste
872 1786 1034 1821 Eusebio
1059 1786 1123 1821 lib.
1137 1786 1195 1821 VI.
1219 1785 1311 1819 Hist.

172 1846 270 1882 Eccl.
286 1858 363 1895 cap.
376 1849 431 1884 24.
458 1848 727 1883 Observatione
742 1848 832 1882 item
854 1848 1106 1893 dignissimum
1126 1850 1193 1889 est,
1213 1844 1310 1890 quod

174 1906 347 1943 Socrates
374 1908 438 1943 lib.
457 1910 516 1944 III.
550 1909 641 1944 Hist.
664 1909 807 1944 Eccles.
832 1920 912 1955 cap.
937 1911 968 1944 7.
1001 1909 1069 1943 ait:
1102 1908 1310 1952 ,,Ὠριγένης

172 1967 214 2002 δὲ
236 1971 425 2013 πανταχοῦ
448 1972 519 2013 μὲν
542 1971 583 2007 ἐν
606 1975 681 2010 τοῖς
704 1973 924 2019 φερομένοις
939 1969 1050 2004 αὐτοῦ
1065 1969 1217 2012 βιβλίοις
1238 1967 1308 2013 ἔμ-

171 2036 296 2074 ψυχον
319 2027 384 2064 τὸν
407 2029 744 2075 ἒνανθρωπήσαντιι
768 2028 880 2066 οἶδεν.
901 2029 1038 2068 Ἰὃικῶς
1060 2028 1102 2063 δὲ
1126 2027 1145 2064 ὁ
1169 2031 1220 2068 εἷς
1241 2027 1308 2073 τὴν

171 2094 204 2123 Γ
201 2093 318 2125 ένεσιν
333 2089 430 2136 αὐτῷ
447 2093 700 2137 πεπονημένος
721 2093 869 2131 ἔνντιτος
887 2088 1009 2136 Τόμος
1024 2088 1064 2125 τὸ
1078 2091 1163 2137 περὶ
1177 2088 1307 2125 τούτου

168 2149 372 2198 μυστήριον
394 2152 649 2200 ἐφανέρωσεν,
685 2153 777 2188 ἔνθα
797 2150 916 2196 Ἀδὰμ
937 2151 1009 2196 μὲν
1037 2149 1102 2186 τὸν
1128 2149 1303 2199 Χριστὸν,

167 2209 273 2248 Εὕαν
296 2214 337 2249 δὲ
360 2212 425 2257 τὴν
449 2214 643 2258 ἐκκλησίαν
665 2210 758 2249 εἶναι
780 2211 1004 2260 πλατύτερον
1025 2209 1305 2248 ›caracutium-‘⁶

169 2273 346 2319 Origenes
371 2284 516 2320 quoque
540 2274 576 2310 in
602 2275 770 2311 omnibus
793 2273 899 2310 libris
925 2273 1000 2310 suis
1025 2273 1211 2310 Christum
1234 2272 1301 2307 ho-
