1427 2460
235 105 303 139 272
508 118 512 125 =
718 103 895 139 ORIGENIS

233 194 423 240 principem
450 196 600 238 populo,
625 204 657 227 ct
681 207 760 228 vero
785 193 914 240 judicio
940 193 1078 237 eligere,
1102 204 1134 227 et
1156 202 1247 228 recte
1270 194 1373 240 justa·
1416 233 1419 235 ,

233 272 300 302 que
323 256 497 295 sententia,
521 257 564 289 ad
589 269 691 300 quem
716 256 844 290 dixerat
869 257 981 289 Deus:
1019 256 1134 297 „elige
1162 256 1196 300 ¹)
1233 257 1372 304 presby-

233 328 323 352 teros
346 319 491 363 populo,
515 331 601 362 quos
615 328 651 351 tu
666 318 739 362 ipse
760 317 823 351 scis
848 319 1062 364 presbyteros
1087 323 1195 352 esse“:
1219 328 1252 352 et
1274 317 1373 361 elegit

231 380 328 420 tales,
359 379 395 412 in
426 381 549 424 quibus
582 379 747 413 continuo
781 379 847 412 Dei
883 380 1019 424 spiritus
1057 379 1300 424 requiesceret,
1339 388 1373 413 et

232 442 480 487 prophetarent
512 440 654 475 omnes?
701 441 786 485 Quis
818 455 896 484 ergo
922 442 966 475 ita
990 441 1104 487 potuit
1128 441 1251 484 eligere
1273 441 1370 487 prin—

231 503 341 548 cipem
372 503 512 548 populi,
541 513 578 535 ut
608 503 723 536 Moses
754 502 913 547 poterat?
972 503 1042 537 Sed
1077 504 1144 536 hoc
1176 517 1250 537 non
1279 502 1371 544 facit,

230 578 301 597 non
339 565 444 607 eligit,
478 578 551 597 non
587 566 697 598 audet.
754 564 825 597 Cur
859 578 931 598 non
967 564 1093 598 audet?
1142 566 1196 598 Ne
1225 565 1370 610 posteris

228 627 489 672 praesumtionis
519 626 689 670 relinquat
725 627 929 671 exemplum.
990 627 1060 660 Sed
1097 627 1248 660 ausculta
1285 626 1369 672 quid

228 688 325 721 dicit:
355 688 572 733 ‚,pr0videat‚
591 688 628 731 ²)
658 688 785 733 inquit,
814 688 989 722 Dominus
1014 689 1108 723 Deus
1131 689 1311 734 spirituum
1336 698 1368 722 et
1410 674 1414 684 ¹

229 750 338 784 omnis
363 751 488 790 carnis,
512 750 689 783 hominem
711 763 814 794 super
836 763 1041 797 synagogam
1060 751 1165 791 hanc,
1190 751 1248 796 qui
1272 763 1366 793 egre-

226 812 338 845 diatur
362 821 439 844 ante
463 812 584 845 faciem
609 825 740 852 eorum,
766 822 797 846 et
820 813 879 857 qui
901 813 1120 855 ingrediatur,
1144 822 1176 846 et
1200 813 1258 857 qui
1281 825 1363 858 pro-

225 875 327 907 ducat
359 887 435 914 eos,
466 883 497 907 et
527 873 585 918 qui
615 874 786 907 reducat.“
833 875 870 908 Si
901 887 980 917 ergo
1011 884 1123 908 tantus
1145 874 1204 908 ille
1227 887 1266 906 ac
1290 873 1365 907 talis

224 935 338 970 Moses
373 949 447 968 non
481 935 646 980 permittit
679 935 809 982 judicio
841 950 904 970 suo
937 939 980 970 de
1014 936 1169 978 eligendo
1206 935 1364 981 principe

223 999 363 1043 populi,
387 999 430 1031 de
453 997 693 1031 constituendo
718 1011 928 1038 successore,
958 998 1033 1043 quis
1058 997 1119 1031 erit
1143 998 1201 1042 qui
1230 998 1363 1036 audeat,

222 1060 273 1093 vel
307 1073 345 1092 ex
376 1060 494 1105 plebe,
528 1073 616 1104 quae
637 1072 738 1104 saepe
762 1059 968 1093 clamoribus
993 1061 1037 1094 ad
1060 1059 1218 1103 gratiam,
1248 1067 1306 1090 aut
1323 1057 1362 1101 ³)

220 1121 333 1166 pretio
356 1121 506 1155 fortassis
538 1119 677 1153 excitata
700 1121 832 1154 moveri
861 1122 966 1161 solet,
996 1121 1049 1154 vel
1081 1134 1120 1153 ex
1148 1119 1227 1165 ipsis
1259 1119 1362 1154 etiam

219 1183 452 1216 sacerdotibus
484 1182 557 1228 quis
586 1183 667 1224 erit,
699 1182 758 1227 qui
784 1195 819 1216 se
849 1182 1016 1216 idoneum
1049 1182 1094 1216 ad
1125 1181 1193 1215 hoc
1221 1174 1361 1226 judicet,

220 1246 284 1279 nisi
307 1244 334 1278 si
358 1245 412 1278 cui
437 1244 567 1285 oranti,
598 1253 631 1278 et
660 1246 788 1289 petenti
806 1258 824 1278 a
846 1245 1003 1278 Domino
1026 1243 1216 1278 reveletur?
1263 1242 1359 1276 Sicut

219 1316 253 1340 et
283 1307 377 1341 Deus
410 1307 490 1340 dicit
520 1307 564 1340 ad
593 1306 736 1339 Mosen:
773 1307 936 1346 „adsume
951 1305 988 1350 ⁴¹)
1021 1306 1065 1340 ad
1103 1315 1208 1338 temet
1244 1304 1357 1348 ipsum

217 1369 335 1402 Jesum
359 1368 469 1401 filium
492 1369 604 1410 Nave,
626 1367 821 1407 hominem,
846 1368 904 1412 qui
928 1368 1032 1400 habet
1052 1366 1206 1411 spiritum
1229 1365 1298 1399 Dei
1320 1366 1356 1399 in

216 1440 320 1464 semet
342 1430 429 1475 ipso,
455 1439 487 1462 et
509 1429 666 1474 impones
689 1442 810 1462 manus
832 1438 906 1462 tuas
930 1441 1032 1473 super
1056 1441 1154 1470 eum;
1177 1437 1210 1461 et
1232 1436 1355 1462 statues

218 1504 295 1525 eum
322 1504 437 1524 coram
461 1490 624 1524 Eleazaro
648 1491 844 1530 sacerdote,
876 1499 908 1523 et
938 1499 1120 1535 praecepta
1151 1491 1231 1523 dato
1264 1488 1294 1523 ei
1316 1489 1354 1523 in

215 1562 400 1598 conspectu
430 1553 533 1586 totius
563 1564 772 1599 synagogae,
806 1561 837 1584 et
865 1551 1024 1596 praecipe
1054 1553 1097 1585 de
1127 1551 1203 1597 ipso
1236 1565 1355 1586 coram

215 1616 271 1649 iis:
297 1624 329 1648 et
342 1614 438 1648 dabis
454 1615 640 1647 claritatem
663 1623 755 1646 tuam
780 1625 883 1658 super
905 1613 1014 1653 illum,
1038 1622 1077 1646 ut
1090 1613 1231 1647 audiant
1251 1614 1352 1648 illum

212 1678 274 1711 filii
285 1664 432 1712 ‘Israelst‘
476 1676 583 1710 Audis
614 1674 785 1708 evidenter
815 1674 1066 1708 ordinationem
1091 1674 1254 1720 principis
1283 1689 1350 1721 po-

211 1740 286 1784 puli
308 1749 377 1772 tam
401 1738 577 1772 manifeste
601 1738 820 1781 descriptam,
847 1745 886 1769 ut
913 1749 1003 1781 pene
1034 1737 1245 1781 expositione
1275 1751 1350 1771 non

212 1810 314 1843 egeat.
360 1801 462 1834 'Nulla
487 1799 541 1833 hic
565 1799 688 1845 populi
703 1798 916 1838 acclamatio,
937 1798 1034 1832 nulla
1049 1799 1348 1841 consanguinitatis

210 1862 314 1903 ratio,
338 1862 432 1895 nulla
454 1861 718 1907 propinquitatis
741 1860 857 1894 habita
883 1860 1126 1905 contemplatio
1153 1870 1208 1894 est.
1256 1861 1345 1895 Pro-

208 1923 346 1971 pinquis
375 1937 534 1967 agrorum
570 1932 603 1957 et
637 1923 860 1968 praediorum
893 1921 1105 1968 relinquatur
1138 1923 1342 1958 haereditas:

298 2060 334 2103 ι)
358 2061 460 2093 Num.
485 2059 554 2099 XI,
578 2058 632 2093 16.

298 2115 335 2158 2)
360 2116 463 2149 ΜΠ).
487 2115 638 2155 ΧΧνΙι,
663 2115 716 2149 16.
739 2116 792 2149 17.

297 2170 334 2211 ³)
359 2171 438 2204 Mss.
470 2180 562 2211 „aut'
579 2171 691 2216 pretio
721 2172 870 2206 fortassis
899 2172 1080 2205 excitata.“
1131 2167 1228 2202 Libri
1257 2168 1338 2203 editi

204 2215 252 2260 (v.
279 2229 306 2249 c.
331 2216 407 2249 edd.
431 2216 518 2261 M.):
542 2226 628 2257 „aut
652 2218 696 2250 ad
717 2218 867 2262 pretium
891 2218 1032 2252 fortasse
1051 2215 1234 2251 excitatis.“
1257 2214 1298 2247 R.

296 2271 333 2316 ⁴)
357 2273 459 2306 Num.
483 2272 636 2312 XXVII,
658 2273 710 2308 18.
735 2274 787 2308 19.
812 2274 864 2308 20.
