1427 2460
186 116 255 151 350
664 112 842 147 Omerms

187 208 326 240 fectum.
374 203 490 237 Virtus
512 215 585 236 non
608 202 672 237 nisi
696 202 858 236 exercitiis
884 211 915 235 et
945 202 1064 236 labore
1096 202 1320 248 conquiritur,

187 281 252 301 nec
276 275 408 299 tantum
431 265 467 298 in
490 264 681 310 prosperis,
717 274 883 310 quantum
910 263 946 297 in
972 264 1117 298 adversis
1140 265 1318 310 probatur.

188 329 334 363 Venitur
357 328 401 361 ad
424 327 625 365 convallem.
672 326 712 359 In
737 326 948 360 convallibus
980 336 1092 359 autem
1119 335 1151 359 et
1173 326 1209 359 in
1232 326 1320 360 infe-

187 390 336 423 rioribus
367 389 452 422 locis
483 397 656 421 certamen
685 389 832 421 habetur
863 390 1019 422 adversus
1058 388 1254 430 diabolum,
1289 398 1321 422 ct
1370 390 1376 394 ’

187 452 371 485 contrarias
394 458 588 495 potestates.
636 451 676 483 In
701 450 847 484 convalli
871 463 949 493 ergo
974 462 1061 492 agon
1078 451 1244 493 gerendus
1262 460 1321 491 est,

187 523 220 547 et
242 513 278 546 in
303 512 449 547 convalli
471 512 696 556 pugnandum
722 521 778 546 est.
834 511 994 556 Denique
1026 521 1058 545 et
1093 513 1268 546 Abraham
1286 512 1320 557 ¹)

185 576 222 609 in
245 575 332 608 valle
357 574 549 608 Salinarum
576 574 739 618 pugnavit
763 575 938 607 adversum
964 574 1130 608 barbaros
1156 587 1265 617 reges,
1290 583 1323 607 et

184 637 234 670 ibi
257 636 434 670 victoriam
460 645 660 669 consecutus
691 645 746 669 est.
802 635 991 669 Descendit
1023 647 1101 677 ergo
1127 635 1236 669 viator
1266 635 1322 668 hic

185 709 303 731 noster
329 699 372 732 ad
396 710 471 736 eos,
494 697 553 742 qui
576 696 612 729 in
638 697 820 741 profundis
842 706 920 731 sunt
945 706 977 729 et
999 697 1035 729 in
1058 696 1151 737 imis,
1182 710 1254 730 non
1284 705 1322 729 ut

184 761 235 794 ibi
267 762 483 799 demoretur,
511 760 571 792 sed
602 768 640 791 ut
668 758 717 792 ibi
745 758 923 792 victoriam
950 768 1189 804 consequatur.
1235 758 1324 792 Pro-

185 823 264 856 fecti
304 830 383 855 sunt
423 830 535 854 autem
576 833 614 853 ex
648 820 806 862 Buthan‚
842 829 874 854 et
921 820 1161 865 applicuerunt
1200 821 1244 854 ad
1283 834 1321 854 os

186 885 293 918 Iroth.
338 883 435 916 Iroth
466 883 559 917 vicus
588 884 839 928 interpretatur.
872 882 1038 915 Nondum
1075 881 1165 915 enim
1190 881 1323 915 venitur

185 948 229 980 ad
270 945 454 984 civitatem,
498 957 563 977 nec
596 957 682 989 quae
713 945 998 989 perfectawunt,
1041 943 1110 990 jam
1150 952 1320 984 tenentur,

183 1009 243 1042 sed
294 1005 434 1040 interim
480 1006 594 1050 primo
639 1019 744 1051 parva
787 1018 944 1050 quaeque
987 1006 1178 1050 capiuntur.
1250 1004 1318 1039 Hic

184 1078 234 1103 est
273 1069 365 1101 enim
399 1069 591 1112 profectus,
637 1077 674 1100 ut
712 1081 731 1100 a
760 1067 870 1113 parvis
910 1067 954 1100 ad
990 1079 1112 1109 magna
1150 1066 1315 1100 veniatur.

183 1131 331 1165 Venitur
354 1142 434 1172 ergo
461 1130 503 1162 ad
526 1129 638 1169 Iroth,
676 1129 744 1162 hoc
777 1137 841 1168 est,
877 1129 920 1161 ad
954 1130 1139 1171 ingressum
1171 1129 1323 1175 primum

183 1193 269 1234 vici,
290 1193 387 1238 quod
409 1200 458 1224 est
479 1190 615 1224 initium
642 1190 923 1230 conversationis,
947 1199 980 1224 et
1005 1190 1227 1225 abstinentiae
1250 1203 1323 1223 me—

183 1255 318 1289 diocris.
362 1252 558 1286 Periculosa
589 1262 638 1286 est
666 1265 817 1297 namque
845 1252 880 1285 in
912 1252 1014 1286 initiis
1036 1252 1172 1295 grandis
1197 1261 1228 1285 et
1252 1251 1317 1284 im-

183 1318 362 1350 moderata
385 1314 597 1348 abstinentia.
645 1315 743 1348 Iroth
767 1325 880 1348 autem
904 1316 987 1347 haec
1010 1314 1121 1359 posita
1143 1323 1193 1347 est
1205 1323 1323 1347 contra

182 1377 418 1423 Beelsephon,
443 1385 477 1409 et
501 1385 622 1410 contra
645 1375 855 1419 Magdalum.
907 1368 1125 1421 Beelsephon
1155 1375 1324 1421 iuterpre-

183 1451 273 1475 tatur
297 1439 472 1474 adscensio
497 1439 673 1483 speculae,
703 1438 770 1471 sive
794 1439 906 1472 turris.
966 1440 996 1471 A
1020 1438 1130 1483 parvis
1155 1450 1235 1480 ergo
1261 1438 1323 1471 ad-

184 1503 361 1536 scenditur
393 1501 437 1534 ad
466 1512 606 1542 magna,
643 1509 675 1533 et
702 1501 862 1533 nondum
893 1500 930 1533 in
960 1501 1034 1545 ipsa
1069 1500 1227 1544 specula,
1263 1500 1323 1533 sed

186 1574 307 1598 contra
330 1563 516 1608 speculam,
538 1561 575 1595 id
601 1571 659 1603 est,
683 1562 719 1595 in
745 1552 1115 1607 conspectu-speculae
1137 1561 1250 1606 posita
1265 1570 1322 1595 est.

185 1625 363 1672 Speculari
387 1625 479 1658 enim
501 1625 639 1669 incipit,
678 1632 712 1657 et
733 1623 933 1669 prospicere
962 1636 1058 1669 spem
1089 1624 1262 1664 suturam,
1291 1632 1324 1657 et

185 1687 399 1722 altitudinem
423 1687 643 1731 profectuum
668 1686 906 1731 centemplari,
939 1695 971 1719 et
1004 1685 1171 1731 paulatim
1195 1685 1324 1726 crescit,

187 1753 269 1784 dum
293 1751 369 1795 plus
392 1762 453 1794 spe
476 1747 643 1787 nutritur,
674 1761 778 1793 quam
800 1748 978 1782 laboribus
1001 1747 1170 1791 fatigatur.
1222 1747 1322 1791 Quae

185 1812 285 1847 statio
309 1811 376 1846 sive
399 1809 530 1844 mansio
557 1810 903 1852 contraMagdalum
928 1818 984 1850 est,
1008 1810 1167 1843 nondum
1190 1808 1320 1854 inipso

184 1874 360 1918 Magdalo.
413 1872 614 1914 Magdalum
646 1871 737 1905 enim
768 1871 1018 1914 magnificentia
1051 1871 1186 1905 dicitur.
1250 1870 1321 1904 Ha-

185 1939 270 1970 bens
310 1939 390 1977 ergo
427 1934 463 1967 in
498 1943 685 1979 conspectu
721 1944 754 1968 et
785 1933 1040 1969 adscensionem
1075 1934 1252 1979 speculae,
1287 1941 1321 1966 et

185 1997 473 2041 magnificentiam
502 2009 618 2029 rerum
647 1997 860 2037 futurarum,
883 1996 1072 2041 spebus‚²)
1101 2004 1141 2029 ut
1164 1994 1320 2035 diximus,

187 2059 379 2102 ingentibus
412 2058 560 2104 pascitur
591 2068 623 2091 et
652 2059 812 2092 nutritur.
866 2058 907 2091 In
931 2056 1204 2103 profectionibus
1228 2057 1319 2092 enim

187 2130 252 2162 est,
274 2134 347 2154 non
370 2121 405 2154 in
429 2120 639 2166 perfectione
661 2120 729 2166 jam
753 2119 875 2165 posita.

281 2249 316 2294 ¹)
342 2249 412 2284 Cfr.
437 2248 558 2282 Genes.
582 2248 675 2282 XIV.

279 2305 315 2349 2)
340 2305 427 2338 Edd.
455 2304 595 2338 Men-lini
619 2317 819 2350 perperam:
839 2305 1024 2350 speciebus.

1382 516 1400 576 ἐ

1383 581 1401 710 3

1395 723 1401 748 ἑ

1359 866 1362 869 ·
1398 865 1401 876 v

1397 881 1401 898 ⁴
