1427 2460
219 107 264 140 12
699 109 875 143 ORIGEMS

219 196 362 230 Puerilis
395 207 483 232 actas
513 210 586 231 non
617 208 834 238 numeratur,
872 211 936 232 nec
969 208 1046 244 apta
1071 199 1191 233 divinis
1217 201 1352 234 calculis

219 260 370 299 ducitur,
404 259 469 293 nisi
498 261 588 293 sorte
618 260 835 304 primogeniti
859 261 941 299 sint,
976 269 1034 293 aut
1067 261 1270 294 sacerdotali
1301 263 1351 295 vel

217 320 362 353 Levitica
385 321 489 365 stirpe
512 321 730 355 descendant,
776 321 833 354 Isti
854 323 918 356 soii
942 322 977 354 in
998 323 1112 366 pueris
1135 324 1352 356 adducuntur

217 383 262 415 ad
285 396 476 415 numerum.
529 381 750 415 Feminarum
775 396 854 415 vero
879 374 971 416 nulla
996 397 1135 428 prorsus
1160 385 1352 418 adducitur.

215 443 263 475 Et
294 443 376 487 quid
407 443 561 477 videtur?
608 443 756 478 Possunt
787 444 870 476 haec
908 458 1015 478 vacua
1054 458 1122 479 esse
1160 445 1351 492 mysteriis?

218 505 287 538 Sed
313 506 379 538 hoc
402 507 515 538 solum
539 519 738 550 procurasse
763 506 913 539 creditur
937 506 1081 550 Spiritus
1105 516 1256 548 sanctus,
1293 507 1353 552 qui

175 586 177 589 .
218 566 303 599 haec
326 566 505 600 scribenda
532 567 677 607 dictavit,
701 577 738 600 ut
761 567 931 608 sciremus,
957 568 1015 611 qui
1038 577 1119 601 tunc
1143 568 1179 601 in
1203 569 1263 601 illo
1288 582 1356 613 po-

216 628 302 672 pulo
326 630 495 662 numerati
519 629 602 669 sint,
635 638 667 662 et
699 629 757 674 qui
788 629 859 662 sine
882 642 1027 662 numero
1053 629 1263 663 manserint?
1309 629 1354 663 Et

217 689 290 733 quis
315 690 450 723 dabitur
477 704 515 723 ex
540 691 606 724 hoc
629 691 802 735 profectus
826 690 880 730 iis,
913 690 971 735 qui
995 691 1095 725 sacris
1121 690 1352 724 voluminibus
1398 702 1401 704 ’

216 751 358 792 gestiunt
383 752 533 785 erudiri?
578 753 673 796 Quid
698 753 787 785 enim
812 754 954 797 prodest
976 753 1036 786 ista
1062 751 1239 787 didicisse?
1285 753 1353 786 Aut

217 813 300 856 quid
332 815 465 848 animae
496 815 672 847 confertur
703 816 747 847 ad
779 815 939 854 salutem,
974 814 1001 847 si
1029 815 1126 854 sciat,
1157 814 1252 858 quod
1276 826 1353 857 pars

216 875 330 919 aliqua
360 876 483 920 populi
514 886 690 910 numerata
723 886 771 909 est
796 877 833 909 in
858 878 1012 917 deserto,
1046 890 1123 921 pars
1146 888 1227 908 vero
1251 875 1353 907 innu-

155 968 159 970 ,
189 946 343 982 „mgr-ata
369 937 528 970 derelicta
554 937 626 971 est?
666 938 703 971 Si
725 951 805 972 vero
831 947 1007 983 sequentes
1031 937 1129 970 Pauli
1152 936 1353 970 sententiam

214 998 322 1040 legem
347 998 554 1042 spiritualem
582 1013 650 1033 esse
677 1001 864 1042 credamus,
891 1009 922 1032 et
941 999 1158 1045 spiritualiter
1171 1011 1257 1043 quae
1271 1011 1354 1031 con-

214 1060 299 1092 tinet
323 1061 509 1101 audiamus,
533 1062 650 1104 ingens
675 1063 847 1106 profectus
874 1061 1007 1094 animae
1030 1061 1063 1093 in
1089 1061 1139 1100 iis,
1163 1073 1249 1105 quae
1273 1059 1354 1093 scri-

213 1131 270 1165 pta
294 1131 381 1160 sunt,
407 1123 592 1167 apparebit.
628 1123 743 1155 Docet
767 1123 856 1155 enim
873 1136 928 1155 me
951 1135 1108 1166 praesens
1121 1122 1234 1161 lectio,
1259 1121 1353 1166 quod

215 1183 242 1215 si
272 1185 512 1217 transcendero
544 1183 684 1229 puerilis
721 1185 835 1217 aetatis
871 1183 1115 1228 insipientiam,
1157 1183 1183 1217 si
1221 1181 1352 1231 desiero

213 1246 375 1289 parvulus
399 1259 469 1279 esse
492 1245 662 1285 sensibus,
703 1255 734 1279 et
766 1246 816 1278 vir
847 1247 986 1279 effectus
1013 1247 1224 1290 deposuero,
1265 1255 1353 1289 quae

214 1317 293 1340 sunt
316 1308 464 1351 parvuli,
495 1308 540 1347 si,
577 1308 734 1352 inquam,
760 1309 899 1340 effectus
923 1309 1021 1340 fuero
1047 1306 1192 1352 juvenis,
1224 1301 1353 1338 εῐᾸωΙὶε

213 1367 353 1413 juvenis,
379 1369 436 1413 qui
461 1369 592 1402 vincam
617 1369 822 1410 maiignum,
845 1378 942 1413 aptus
965 1368 1108 1401 videbor
1131 1367 1188 1407 iis,
1211 1367 1254 1400 de
1279 1365 1353 1410 qui-

216 1430 280 1462 bus
312 1430 473 1474 scriptum
508 1440 572 1466 est:
617 1431 813 1474 „omne-5¹)
849 1430 908 1475 qui
945 1431 1138 1474 procedunt
1165 1429 1200 1462 in
1231 1428 1354 1476 virtute

215 1491 365 1524 Israel:“
397 1501 428 1524 et
459 1492 578 1533 dignus
615 1492 735 1526 divinis
766 1491 916 1524 numeris
942 1493 1181 1535 computabor.
1229 1490 1353 1523 Donec

215 1563 327 1586 autem
352 1555 437 1587 inest
461 1554 562 1587 alicui
593 1563 766 1593 nostrum,
803 1553 855 1586 vel
886 1553 1024 1598 puerilis
1049 1563 1081 1586 et
1104 1552 1254 1598 lqbricus
1277 1565 1353 1585 sen-

215 1629 286 1654 sus,
315 1616 367 1648 vel
391 1615 537 1648 feminea
574 1625 606 1648 et
628 1617 738 1649 soluta
755 1615 792 1658 ²)
816 1615 985 1656 segnities,
1008 1616 1059 1647 vel
1086 1613 1270 1662 Aegyptios
1294 1625 1350 1655 ge-

215 1678 319 1710 rimus
353 1687 384 1710 et
416 1678 582 1710 barbaros
613 1691 746 1717 mores,
775 1676 894 1710 haberi
919 1677 1010 1721 apud
1034 1677 1149 1708 Deum
1173 1675 1208 1708 in
1235 1683 1350 1707 sancto

216 1749 248 1771 et
280 1748 476 1771 consecrato
506 1752 656 1772 «numero
694 1753 767 1772 non
805 1752 987 1771 meremur.
1047 1737 1223 1770 Innumeri
1261 1735 1351 1768 enim

215 1803 307 1846 apud
333 1802 556 1834 Salomonem
589 1801 750 1834 dicuntur
785 1814 872 1841 esse,
904 1801 962 1844 qui
993 1809 1152 1844 pereunt:
1183 1797 1354 1831 numerati

215 1872 329 1895 nutem
356 1876 473 1896 omnes
496 1862 559 1903 illi,
594 1863 651 1908 qui
683 1852 866 1897 selvantur.
926 1863 972 1895 Et
1000 1862 1047 1895 vis
1070 1860 1132 1893 tibi
1163 1861 1351 1898 ostendam,

218 1925 296 1968 quia
329 1934 525 1958 sanctorum
556 1938 718 1958 numerus
750 1925 895 1957 habetur
929 1924 1022 1968 apud
1061 1921 1201 1956 Deum?
1249 1921 1351 1960 Audi,

217 1987 397 2031 quomodo
450 1988 492 2019 de
534 1986 627 2019 astris
672 1986 811 2030 quidem
856 1986 1055 2019 coelestibus
1089 1983 1183 2020 ‚dicit
1218 1981 1350 2016 David:

217 2104 432 2149 requiiitur.“
479 2104 548 2136 Sed
574 2113 721 2147 quatuor
744 2104 824 2136 Mss
837 2128 844 2142 ‚
868 2103 1100 2140 Ebroicensis‚
1126 2100 1350 2134 Bellovacen-

216 2164 268 2190 ⁵15,
292 2149 502 2182 Turonensis
527 2159 558 2181 et
582 2149 747 2191 §egiensis
766 2158 803 2181 ut
826 2148 862 2181 in
886 2157 1002 2181 nostro
1025 2157 1125 2180 textu.
1149 2147 1190 2191 R.

313 2205 347 2248 ἶ)
373 2205 473 2238 Num.
498 2205 525 2244 I,
548 2206 580 2240 3.

309 2261 347 2304 ²)
371 2261 463 2294 Libri
488 2261 568 2294 editi
592 2261 640 2304 (v.
666 2274 691 2294 c.
716 2261 793 2294 edd.
817 2260 903 2304 M.):
928 2260 1129 2299 „resolutaf‘
1184 2259 1254 2293 Sed
1277 2259 1347 2292 duo

218 2307 297 2347 3155.
323 2306 536 2341 Bclvaccnsis
561 2315 593 2340 et
617 2306 847 2341 Ebroiccnsis:
873 2307 1035 2347 ‚‚soluta.“
1057 2304 1105 2349 R,
