1427 2460
353 100 390 123 m
413 90 591 123 Nummos
615 87 774 122 HommA
798 88 941 121 XXVII.
1162 90 1230 125 363

100 179 332 221 ignorantibus
354 178 488 221 linguae
510 177 598 210 illius
622 178 867 222 proprietatem
899 179 1053 212 affectata
1077 179 1229 213 videatur

101 251 134 274 et
158 240 323 274 violenter
345 249 484 279 extorta,
508 238 662 273 dabimus
687 238 786 272 etiam
811 239 846 272 in
870 249 984 273 nostra
999 239 1111 282 lingua
1135 242 1227 276 simi—

75 306 78 310 ’
98 302 289 343 Ῑὶῐυάἰηεω,
313 314 379 346 qua
404 301 664 346 consequentiae
691 299 792 346 hujus
804 301 889 334 ratio
913 311 1069 346 patescat.
1101 302 1137 335 ln
1153 303 1228 335 lite-

100 364 190 397 rario
214 364 310 403 ludo,
338 362 399 396 ubi
423 362 521 407 pueri
548 362 659 407 prima
690 362 854 395 elementa
881 363 1076 407 suscipiunt,
1105 364 1226 397 abece-

100 426 184 459 darii
208 426 369 459 dicuntur
393 425 552 470 quidam,
575 424 631 457 alii
652 423 839 471 syllabarii,
864 425 919 458 alii
945 425 1145 466 nominarii,
1169 425 1227 458 alii

98 486 165 532 jam
197 487 417 520 calculatores
448 486 679 530 appellantur:
722 495 752 518 et
784 500 861 519 cum
901 486 1105 520 audierimus
1144 488 1226 520 haec

97 548 249 588 nomina,
275 561 311 581 ex
335 548 425 592 ipsis,
450 548 507 592 qui
532 546 642 580 sintin
658 548 770 591 pueris
794 549 978 592 profectus,
1004 548 1225 591 agnoscimus.

98 609 262 644 Similiter
286 619 317 642 et
339 609 376 642 in
399 609 598 642 liberalibus
623 608 750 649 studiis,
775 621 852 641 cum
866 618 922 641 aut
935 610 1050 643 locum
1075 613 1225 655 recitare,

97 681 155 705 aut
179 671 434 710 allocutionem,
464 671 515 702 vel
539 671 687 710 laudem,
713 669 861 714 aliasque
886 684 948 715 per
971 671 1127 705 ordinem
1153 687 1224 707 ma-

96 734 193 767 terias
226 732 442 773 audierimus,
468 724 520 763 >ex
550 731 712 764 materiae
740 730 882 764 nomine
918 733 1110 776 profectum
1140 735 1225 768 ado-

94 795 247 828 lescemis
278 793 491 828 advertimus.
539 791 730 836 Quomodo
763 805 842 834 ergo
868 801 898 824 et
921 805 984 836 per
1006 793 1108 833 haec,
1140 809 1227 839 quae

95 857 251 889 locorum
277 853 372 900 quasi
395 854 610 886 materiarum
635 852 777 886 nomina
798 863 1044 896 memorantur,
1069 869 1140 889 non
1155 870 1227 890 cre-

95 918 231 958 damus,
261 917 296 950 in
321 915 440 950 divinis
472 913 721 947 eruditionibus
751 915 925 959 profectus
956 914 1098 949 indicari
1127 931 1226 962 posse

95 978 321 1013 discentium?
350 977 395 1010 Et
417 976 502 1010 sicut
524 976 594 1009 illic
616 975 752 1017 singulis
777 976 968 1020 quibusque
993 977 1128 1012 dicendi
1151 993 1224 1013 ma-

93 1039 184 1074 teriis
206 1039 438 1078 immorantes,
463 1037 557 1083 quasi
586 1036 777 1070 mansiones
800 1036 836 1070 in
863 1036 902 1069 iis
928 1039 1090 1082 quasdam
1113 1041 1227 1076 facere

95 1100 272 1140 videntur,
304 1109 336 1132 ct
361 1100 404 1132 de
427 1113 494 1132 una
519 1099 562 1131 nd
589 1098 707 1138 aliam,
731 1110 769 1130 ac
793 1098 835 1131 de
859 1098 922 1131 alia
949 1098 1027 1132 item
1053 1103 1096 1134 ad
1120 1102 1224 1137 aliam

92 1161 277 1207 proficisci:
300 1160 345 1194 ita
369 1161 467 1194 etiam
494 1161 547 1193 hic
572 1159 786 1193 mansionum
812 1172 938 1192 nomen
949 1170 979 1193 et
997 1163 1166 1206 profectio
1182 1166 1225 1198 ab

93 1237 162 1256 una
188 1223 231 1256 ad
256 1221 366 1263 aliam,
391 1231 423 1256 et
446 1223 488 1255 ab
514 1222 577 1255 alia
601 1221 724 1254 iterum
749 1223 791 1254 ad
815 1221 934 1261 aliam,
959 1236 1020 1255 cur
1042 1237 1114 1257 non
1140 1240 1224 1271 pro-

92 1285 220 1317 fectum
243 1284 364 1318 mentis
386 1282 537 1318 indicare
561 1283 729 1323 credatur,
754 1291 786 1316 et
805 1282 1011 1317 incrementa
1036 1285 1226 1327 significare

92 1345 278 1379 virtutum?
318 1346 415 1379 Illam
438 1358 525 1388 ⁴vero
550 1346 649 1378 aliam
675 1343 896 1390 expositionis
919 1355 1048 1390 partem
1073 1351 1225 1392 pruden-

93 1406 183 1441 tibus
215 1406 407 1452 quibusque
432 1420 468 1440 ex
492 1405 552 1439 ista
583 1404 833 1451 conjiciendam
866 1415 900 1440 et
923 1411 1224 1453 contemplandam

92 1469 260 1514 relinquo.
307 1467 524 1513 Sapientibus
557 1468 647 1501 enim
677 1467 800 1501 sufficit
835 1469 1051 1503 occasionem
1075 1472 1225 1507 dedisse:

94 1530 173 1576 quia
195 1544 260 1564 nec
285 1529 437 1575 expedit,
460 1539 497 1562 ut
522 1530 717 1564 auditorum
741 1543 856 1564 sensus
887 1531 1020 1575 penitus
1052 1544 1227 1568 remaneat

95 1591 223 1625 otiosus
255 1601 287 1624 et
318 1591 421 1636 piger.
468 1591 518 1624 Ex
550 1592 674 1625 horum
705 1604 786 1636 ergo
820 1591 1004 1625 collatione
1037 1593 1136 1627 etiam
1168 1596 1225 1630 illa

93 1651 333 1697 meditetur¹),
356 1652 426 1685 imo
451 1662 484 1685 et
506 1653 634 1697 aliquid
658 1653 884 1698 perspicacius
911 1667 947 1686 ac
973 1655 1117 1689 divinius
1141 1670 1225 1690 cou-

93 1714 295 1760 templetur:
318 1727 409 1754 „non
423 1713 459 1759 ²)
485 1714 574 1747 enim
588 1714 631 1746 ad
644 1727 837 1747 mensuram
855 1715 913 1747 dat
927 1715 1019 1749 Deus
1031 1716 1185 1760 spiritum
1197 1723 1227 1751 :“

93 1776 154 1810 sed
178 1775 255 1820 quia
280 1774 451 1808 Dominus
477 1784 525 1808 est
547 1775 699 1820 spiritus,
723 1776 853 1809 idcirco
884 1776 1012 1821 ‚‚ubi³)
1037 1779 1125 1820 vult,
1157 1780 1226 1825 spi-

57 1832 60 1833 ⁷
94 1839 188 1871 rat:“
219 1846 252 1871 et
276 1846 452 1882 optamus,
485 1845 522 1869 ut
546 1837 644 1869 etiam
670 1838 768 1873 vobis
789 1837 951 1883 adspiret,
983 1853 1052 1884 quo
1082 1841 1225 1876 meliora

95 1899 232 1939 horum,
257 1908 357 1943 atque
382 1898 502 1931 altiora
520 1897 556 1931 in
573 1899 681 1933 verbis
693 1900 838 1933 Domini
861 1900 1020 1940 sentiatis,
1044 1901 1108 1935 iter
1124 1915 1224 1944 agen-

93 1970 142 1994 tes
164 1973 227 2005 per
249 1961 350 1999 haec,
379 1972 466 2003 quae
489 1973 552 2004 pro
577 1969 692 1994 nostra
716 1960 951 1995 mediocritate
974 1963 1225 2009 descn'psimus:

193 2148 227 2193 ¹)
249 2148 338 2181 Edd.
363 2148 520 2182 Mcrlini:
545 2148 736 2183 meditatur.

189 2204 226 2248 ²)
250 2204 311 2238 Ev.
333 2203 460 2238 Joann.
485 2204 543 2241 Ill.
566 2206 621 2239 34.

191 2259 229 2304 ³)
252 2260 312 2294 Ev.
335 2259 461 2296 Joaun.
485 2260 544 2301 111,
568 2260 599 2295 8.
