1427 2460
349 97 386 121 m
410 87 589 121 Nummos
613 83 773 119 Homum
790 84 861 119 VII.
1129 89 1174 124 63

39 188 93 212 tur
117 186 222 211 castra
246 176 396 211 filiorum
419 177 539 217 Israel,
563 177 622 210 sed
644 185 733 210 stant
755 188 826 208 uno
851 174 887 207 in
910 177 989 210 loco
1015 179 1176 220 conclusi,

38 250 71 273 et
93 240 206 273 nullus
231 247 279 272 est
300 238 338 273 iis
363 239 506 272 omnino
522 239 708 283 profectuS,
733 238 844 271 donec
860 239 1044 272 mundetur
1060 239 1171 274 Maria

38 312 58 334 a'
82 301 175 346 lepra
200 313 268 333 sua.

126 354 157 397 5.
181 361 292 405 „Et¹)
331 370 407 406 post
436 361 538 400 haec,
574 360 704 405 inquit,
743 359 918 405 promovit
955 363 1104 406 populus
1136 375 1174 395 ex

37 423 193 464 Aseroth,
218 432 250 456 et
274 423 500 456 consederunt
524 423 558 455 in
584 424 716 456 deserto
737 422 906 455 Pharan-‘⁶
950 423 1096 455 Aseroth
1120 423 1174 455 in-

36 493 239 529 terpretatur
268 485 392 517 domus
422 484 634 528 perfecta.²)
690 483 924 517 Proficiscitur
957 496 1035 526 ergo
1059 497 1175 529 popu·-

36 546 99 587 lus,
120 546 352 590 postquam3)
375 546 486 579 Maria
510 555 649 590 purgata
675 554 740 586 est,
773 558 792 578 a
824 544 982 578 domibus
1006 546 1174 590 perfectis,

38 616 71 639 et
95 607 184 639 venit
207 606 243 639 in
266 606 420 648 Pharan,
455 609 549 651 quod
574 608 814 651 interpretatur
838 620 874 640 os
898 606 1038 640 visibile.
1085 607 1173 640 Mihi

36 668 168 701 videtur
192 682 229 702 os
252 669 381 702 visibile
406 682 505 713 posse
528 668 684 709 intelligi,
719 668 814 712 quod
837 668 991 701 Verbum
1016 672 1095 702 calo
1121 669 1171 701 fa-

36 740 127 763 ctum
153 740 209 770 est,
234 739 266 763 et
289 729 462 764 invisibilis
486 730 621 763 visibilis
645 731 802 763 effectus:
836 739 869 763 et
892 730 960 763 hoc
983 729 1174 772 significari,

37 793 131 836 quod
155 801 378 836 posteaquam
408 790 485 824 finis
518 801 549 824 et
583 792 748 836 perfectio
775 792 948 832 omnium,
986 805 1074 837 quae
1095 805 1173 835 erga

34 853 131 886 illum
155 854 324 897 populum
347 854 493 895 gerenda
517 854 662 894 fuerant,
684 852 784 893 venit,
806 861 888 886 tune
910 854 1036 894 transit,
1060 863 1092 887 et
1115 867 1172 886 ve-

34 914 86 947 nit
109 916 153 947 ad
177 927 265 954 eum,
291 927 392 960 quem
417 915 569 947 Verbum
595 927 731 948 carnem
754 915 882 948 factum
909 924 985 948 ante
1000 928 1074 948 non
1098 928 1172 948 cre-

36 975 132 1009 didit.
188 974 304 1019 ‚,Et⁴)
337 976 469 1009 locutus
505 985 553 1009 est
585 976 759 1010 Dominus
793 977 836 1010 ad
867 976 1006 1017 Mosen,
1041 977 1171 1010 dicens:

34 1037 130 1071 mitte
152 1036 260 1077 viros,
287 1046 320 1070 et
344 1037 560 1070 considerent
582 1048 708 1071 terram
733 1037 1038 1080 chananaeorum,
1068 1052 1172 1083 quam

35 1112 97 1141 ego
123 1099 168 1132 do
193 1098 269 1132 filiis
294 1099 396 1131 Israel
419 1098 453 1131 in
478 1099 757 1143 possessionem,“
782 1109 814 1133 et
826 1100 965 1144 reliqua,
988 1099 1024 1133 in
1049 1101 1171 1144 quibus

37 1162 80 1193 de
111 1159 382 1204 exploratoribus
417 1170 525 1194 terrae
555 1169 728 1200 narratur,
766 1160 824 1204 qui
853 1161 944 1194 missi
967 1161 1172 1202 renuntiant,

35 1221 130 1265 quod
154 1230 242 1254 terra
268 1222 406 1265 quidem
431 1222 472 1254 sit
495 1222 599 1261 bona,
623 1231 654 1254 et
676 1221 900 1254 admirabilis:
931 1222 1086 1255 habitant
1110 1236 1171 1256 au-

33 1290 102 1314 tem
127 1282 162 1314 in
187 1294 224 1315 ea
248 1282 308 1315 filii
333 1282 510 1324 gigantum,
533 1284 568 1316 in
593 1296 741 1327 quorum
762 1283 998 1327 conspectibus
1021 1284 1170 1328 populus

33 1342 102 1375 Dei
126 1342 220 1387 quasi
243 1343 394 1376 locustae
415 1344 602 1378 videantur.
655 1343 701 1376 Et
731 1344 846 1388 plures
877 1344 1016 1388 quidem
1048 1346 1170 1390 despe-

33 1413 111 1438 rant
132 1417 167 1437 se
191 1417 291 1448 posse
315 1404 435 1437 salvari
458 1418 477 1438 a
504 1404 580 1438 filiis
604 1404 793 1446 gigantum:
826 1405 924 1439 Jesus
952 1415 1066 1439 tamen
1096 1419 1169 1440 non

34 1466 198 1510 desperat,
224 1467 283 1499 sed
307 1466 488 1499 confirmat
510 1466 633 1511 populi
655 1468 759 1501 fidem
788 1479 866 1500 cum
891 1466 1014 1508 Caleb,
1038 1468 1097 1512 qui
1121 1477 1170 1502 est

33 1528 76 1561 de
99 1526 190 1560 tribu
213 1528 323 1567 Juda,
357 1537 388 1560 et
411 1528 547 1561 dicunt:
583 1529 681 1574 ‚,si⁵)
714 1528 821 1571 diligit
843 1542 906 1561 nos
929 1529 1034 1568 Deus,
1057 1529 1167 1563 intro-

32 1589 182 1633 ducet⁶)
212 1603 275 1624 nos
307 1591 343 1624 in
371 1599 494 1623 terram
526 1591 647 1624 hanc.“
711 1590 811 1635 Quae
826 1591 861 1635 ⁷)
893 1600 941 1624 est
972 1603 1050 1633 crgo
1077 1600 1168 1625 terra

29 1649 93 1683 ista
115 1652 302 1683 secundum
327 1651 538 1696 spiritualem
560 1652 781 1693 intellectum,
806 1665 893 1697 quae
916 1662 1002 1685 terra
1027 1652 1165 1697 quidem

31 1720 145 1745 sancta
167 1721 231 1751 est,
267 1721 300 1745 et
328 1721 418 1746 terra
439 1714 544 1754 hona,
569 1715 628 1747 sed
655 1715 697 1747 ab
717 1713 829 1758 impiis
853 1713 1047 1747 habitatur?
1094 1713 1166 1758 Qui

32 1781 110 1805 sunt
133 1785 212 1815 ergo
236 1772 289 1807 isti
314 1774 441 1815 hostes,
481 1775 539 1820 qui
572 1776 727 1809 habitant
753 1776 790 1808 in
820 1784 908 1809 terra
941 1774 1164 1810 sanctorum?

125 1939 160 1983 ¹)
184 1940 285 1975 Num.
309 1941 386 1981 ΧΠ,
412 1941 464 1976 16.

122 1999 159 2044 2)
185 2001 241 2034 Sic
276 2002 404 2035 habent
438 2002 519 2035 Mss.
567 2001 608 2034 In
640 2000 736 2035 editis
767 2002 814 2048 (v.
849 2017 875 2037 c.
902 2005 977 2038 edd.
1001 2004 1068 2049 Μ.)
1097 2017 1161 2050 pro

30 2046 220 2090 ‚‚perfecta“
243 2047 363 2088 legitur
391 2048 611 2092 ,‚perfcctae.“
635 2046 675 2080 R.

122 2107 160 2151 ¹³)
184 2107 272 2140 Edd.
297 2107 451 2141 Merlini:
475 2117 704 2153 posteaquam.

124 2161 160 2205 ⁴)
184 2163 286 2196 Num.
312 2164 409 2204 XIII,
431 2165 461 2198 1.
485 2165 517 2197 2.
612 2164 648 2208 ⁵)
671 2165 774 2197 Num.
798 2164 890 2205 XIV,
912 2164 944 2199 8.

123 2218 160 2261 ⁶)
183 2219 272 2252 Edd.
297 2219 454 2253 Merlini:
477 2220 680 2254 introducat.

125 2273 160 2317 ’)
183 2274 271 2308 Edd.
296 2275 453 2310 Merlini:
478 2276 577 2320 Quae
601 2289 680 2319 ergo
705 2284 752 2310 est
776 2284 837 2308 etc.
