1427 2460
391 33 428 57 m
451 22 632 56 Nummos
656 20 818 55 Humum
838 20 930 54 XVI.
1155 21 1222 57 199

86 114 159 159 quis
174 115 210 158 ¹)
234 114 279 148 ita
304 114 421 146 brutus
444 110 631 149 invenitur,
673 110 731 154 qui
762 123 834 143 non
868 110 1067 143 horrescens
1090 124 1215 144 sonum

85 175 218 217 literae,
256 176 299 208 ad
322 173 501 214 allegoriae
531 171 747 204 dulcedinem
781 171 853 216 ipsa
876 171 1069 205 necessitate
1093 174 1216 205 confu-

83 236 174 279 giat?
220 234 410 280 Quomodo
436 232 525 266 enim
549 233 610 266 iste
643 233 794 277 populus
818 242 886 265 tam
912 233 1112 277 laudabilis,
1145 243 1213 267 tam

78 288 297 341 magnificus,
331 296 374 328 de
404 307 473 339 quo
508 303 599 327 tanta
613 294 649 338 ²)
681 293 866 339 praeconia
897 307 1010 328 sermo
1040 294 1108 328 Dei
1132 308 1216 328 enu-

82 368 205 398 merat,
228 358 264 390 in
289 358 354 390 hoc
373 356 497 395 veniet,
529 364 566 388 ut
588 355 786 396 sanguinem
809 356 1068 389 vulneratorum
1093 356 1214 391 bibat?

83 433 158 452 cum
189 427 258 451 tam
290 417 407 451 validis
430 417 618 462 praeceptis
644 417 738 449 cibus
761 415 927 458 sanguinis
950 417 1171 451 interdicatur
1195 431 1214 452 a

80 480 178 519 Deo,
202 488 240 512 ut
263 479 364 512 etiam
388 492 469 519 nos,
495 480 552 523 qui
577 491 615 511 ex
639 477 793 520 gentibus
816 476 925 510 vocati
947 491 1073 517 sumus,
1096 491 1212 512 neccs—

77 540 165 573 sario
192 540 372 585 jubeamur
396 541 581 580 abstinere,
608 539 693 572 sicut
716 539 773 578 iis,
797 551 885 584 quae
908 538 1009 573 idolis
1026 539 1211 573 immolan-

79 611 156 642 tur,
189 601 233 635 ita
258 612 289 635 et
312 615 331 635 a
354 602 525 644 sanguine.
577 601 702 634 Dicant
726 613 805 642 ergo
829 599 946 639 nobis,
984 600 1057 644 quis
1081 609 1130 633 est
1151 600 1212 634 iste

76 664 235 706 populus,
261 664 319 708 qui
343 663 379 696 in
403 677 465 696 usu
488 663 591 696 habet
613 661 810 704 sanguinem
822 662 949 694 bibere.
995 661 1088 694 Haec
1105 671 1211 702 eraut,

79 737 166 767 quae
192 735 223 757 et
246 725 280 758 in
304 725 489 766 Evangelio
522 724 696 756 audientes
729 722 769 763 ii,
808 721 867 766 qui
898 735 935 754 ex
967 722 1107 756 Judaeis
1133 723 1209 755 Do·-

73 784 205 818 minum
229 787 477 830 sequebantur,
505 784 722 818 scandalizati
746 793 843 824 sunt,
874 793 904 816 et
928 783 1102 817 dixerunt:
1135 785 1208 829 quis

70 855 182 889 potest
214 848 422 880 manducare
457 859 610 887 carnem,
647 855 678 879 et
707 846 903 887 sanguinem
934 844 1079 879 bibere?
1135 847 1205 881 Sed

71 907 221 951 populus
247 907 474 948 Christianus,
510 909 661 953 populus
686 907 795 941 fidelis
821 908 916 940 audit
940 908 1042 947 haec,
1077 916 1109 940 et
1134 921 1207 940 am—

70 968 245 1012 plectitur,
277 978 309 1002 et
332 969 484 1014 sequitur
509 983 605 1009 eum,
638 969 696 1013 qui
721 969 822 1002 dicit:
859 968 995 1012 „nisi³)
1017 970 1204 1002 manduca-

71 1028 180 1061 veritis
205 1042 340 1064 carnem
364 1043 495 1071 meam,
519 1041 550 1064 et
572 1030 725 1064 biberitis
752 1031 950 1072 sanguinem
974 1044 1108 1070 meum,
1131 1044 1202 1064 uon

72 1090 237 1123 habebitis
259 1091 361 1124 vitam
385 1092 419 1125 in
444 1092 539 1125 vobis
562 1092 658 1136 ipsis:
692 1092 771 1136 quia
803 1105 882 1124 caro
908 1105 982 1124 mea
1007 1105 1085 1124 vere
1110 1092 1203 1125 cibus

71 1159 135 1190 est,
166 1160 198 1184 ct
219 1154 351 1194 sanguis
375 1167 470 1186 meus
493 1153 618 1196 vere4)
645 1163 693 1186 est
714 1156 847 1197 potus.⁴‘
905 1154 950 1186 Et
972 1154 1107 1197 utique,
1145 1153 1205 1198 q-ui

72 1212 153 1244 haec
179 1212 330 1254 dicebat,
371 1215 562 1248 vulneratus
596 1224 645 1248 est
676 1228 740 1259 pro
773 1214 1038 1259 hominibus:⁵)
1064 1214 1204 1259 ‚.ipse⁶)

69 1273 159 1305 enim
191 1275 384 1308 vulneratus
417 1285 465 1308 est
495 1289 560 1320 pro
594 1276 740 1320 peccatis
772 1276 934 1316 nostris,“
979 1275 1066 1309 sicut
1088 1275 1202 1309 Esaias

68 1332 157 1366 dicit.
202 1333 328 1368 Bibere
352 1345 463 1369 autem
487 1336 633 1370 dicimur
655 1335 850 1379 sanguinem
877 1337 1018 1377 Christi,
1049 1351 1123 1370 non
1145 1351 1200 1370 so-

67 1395 140 1428 lum
170 1407 462 1431 sacramentorum
486 1399 570 1438 ritu,
605 1399 664 1431 sed
697 1407 729 1431 et
755 1412 832 1431 cum
855 1412 1028 1432 sermones
1053 1397 1124 1444 ejus
1148 1412 1202 1431 re-

67 1455 228 1501 cipimus,
265 1458 301 1491 in
335 1459 458 1503 quibus
492 1458 556 1492 vita
591 1459 759 1500 consistit,
802 1460 888 1493 sicut
927 1469 960 1493 et
996 1460 1068 1505 ipse
1102 1458 1199 1507 dicitz

67 1519 189 1558 „verba
203 1518 238 1563 ⁷)
263 1532 349 1564 quae
373 1521 506 1554 locutus
544 1535 637 1562 sum,
672 1521 811 1566 spiritus
845 1531 877 1554 et
912 1522 977 1555 vita
1009 1525 1087 1555 est.“
1140 1521 1200 1554 Est

65 1592 145 1621 ergo
169 1579 241 1625 ipse
278 1583 488 1623 vulneratus,
524 1582 619 1629 cujus
650 1597 713 1617 nos
737 1583 936 1625 sauguinem
960 1582 1127 1623 bibimus,
1161 1582 1196 1616 id

161 1728 196 1773 Ι)
221 1730 276 1763 Sic
299 1731 426 1765 habent
448 1733 528 1766 Mss.
564 1734 654 1767 Alias
685 1736 733 1778 (e.
757 1748 784 1768 c.
811 1736 843 1767 in
870 1734 944 1768 edd.
969 1732 1056 1775 ΜΝ)
1091 1733 1194 1776 „quis

64 1772 111 1806 sic
135 1775 299 1818 abruptus
323 1777 514 1811 invenitur“
538 1788 599 1812 etc.
626 1779 666 1813 R.

159 1830 195 1873 ²)
222 1830 309 1907 god.
337 1832 574 1879 Corbejensis:
598 1844 720 1877 „tanta
745 1833 929 1879 praeconia
953 1845 1065 1866 sermo
1092 1831 1192 1865 dinu—

61 1880 200 1908 merat.“
257 1900 265 1908 .

153 1929 191 1974 3)
215 1930 276 1966 Ev.
301 1929 429 1967 Joann.
456 1933 512 1974 VI,
535 1935 589 1968 54.
613 1936 668 1969 55.

155 1985 191 2030 ⁴)
215 1987 304 2021 Edd.
329 1988 485 2023 Merlini:
510 2003 588 2023 vere
611 2000 713 2035 potus
737 2000 792 2024 est.
1135 2005 1169 2040 Q

155 2042 191 2086 ⁵)
215 2043 297 2077 Mss
322 2044 559 2083 „hominibus.
570 2050 590 2066 “
620 2046 713 2081 Libri
744 2045 825 2080 editi
848 2046 896 2091 (v.
929 2060 955 2079 c.
989 2047 1066 2082 edd
1103 2047 1187 2092 Μ);

60 2087 249 2127 „omnibus.
252 2093 272 2108 “
293 2089 335 2121 R.

149 2142 186 2186 ⁶)
213 2143 282 2178 Cfr.
305 2144 405 2180 Jesai.
428 2145 514 2185 LIII,
536 2148 567 2180 5.

154 2198 190 2242 ⁷)
213 2199 273 2233 Ev.
297 2200 422 2234 Joann.
450 2201 508 2243 VI,
529 2204 584 2238 63.
