1427 2460
232 81 300 117 282
711 79 891 114 Omossms

232 171 318 208 sicut
341 180 374 204 et
396 170 570 203 Dominus
594 169 745 203 dicebat:
778 169 858 214 „qui
875 169 910 214 ¹)
938 169 974 203 in
1007 184 1062 203 me
1084 181 1216 212 manet,
1250 182 1283 206 et
1307 187 1367 217 ego

231 236 268 269 in
298 235 400 268 illo.“
454 230 561 275 Quod
591 240 702 267 autem
734 231 877 265 diximus
909 245 986 266 vera
1023 233 1180 274 sabbata,
1214 233 1240 267 si
1271 222 1368 268 altiu's

233 307 445 343 repetamus,
476 306 565 339 quae
596 293 662 328 sint
685 307 762 326 vera
785 294 940 334 sabbata,
969 295 1057 328 ultra
1081 295 1172 328 hunc
1200 297 1368 330 mundum

233 370 280 394 est
302 359 372 392 veri
394 355 526 391 sabbati
551 355 754 392 observatio.
801 354 909 399 Quod
942 356 1031 390 enim
1061 357 1225 401 scriptum
1255 366 1304 390 est
1331 357 1366 391 in

233 419 378 460 Genesi,
411 417 490 464 quia
513 417 699 462 „requievit
709 416 747 462 2)
771 417 866 451 Deus
890 417 926 451 in
954 418 1008 452 die
1031 418 1162 452 sabbati
1187 420 1229 452 ab
1255 419 1367 464 operi-

231 486 294 517 bus
309 481 440 521 *suis,“
469 492 541 513 non
571 479 723 514 videmus
755 480 806 512 vel
829 488 910 512 tunc
933 479 1062 514 factum
1086 494 1155 514 esse
1177 480 1213 514 in
1238 480 1294 514 die
1316 494 1368 514 se-

230 544 347 592 ptima,
369 543 422 576 vel
446 541 545 575 etiam
568 555 660 574 nunc
684 540 768 577 fieri.
815 541 959 587 Semper
974 541 1063 576 enim
1087 542 1238 577 videmus
1250 543 1366 576 Deum

231 605 382 653 operari,
408 613 440 637 et
462 603 598 637 nullum
621 604 797 636 sabbatum
825 612 888 643 est,
914 603 948 636 in
975 617 1044 649 quo
1070 605 1163 638 Deus
1185 618 1257 638 non
1283 618 1366 650 ope-

229 678 343 708 retur,
375 665 412 699 in
442 677 510 709 quo
535 678 607 698 non
631 666 799 710 producat
822 666 928 698 solem
952 679 1051 699 suum
1074 679 1177 711 super
1198 666 1310 700 bonos
1333 675 1365 698 et

228 732 351 771 malos,
376 738 408 762 et
430 728 527 772 pluat
550 740 652 772 super
674 725 780 772 justos
805 736 836 760 et
858 725 1013 772 injustos,
1035 726 1070 760 in
1096 740 1165 772 quo
1189 741 1261 762 non
1282 741 1364 772 pro-

229 794 331 827 ducat
353 791 389 825 in
412 789 586 825 montibus
611 791 763 829 foenum,
788 798 821 822 et
844 789 985 822 herbam
1009 789 1159 822 servituti
1175 789 1365 830 hominum,

227 856 263 889 in
295 867 365 899 quo
397 861 472 884 non
503 851 671 895 percutiat
700 861 732 884 et
762 860 872 891 sanet,
906 851 1053 884 deducat
1075 851 1112 884 in
1134 851 1307 885 infernum
1331 861 1364 885 et

228 918 387 954 reducat,
415 914 451 947 in
482 925 551 956 quo
582 926 656 946 non
688 912 820 946 occidat
849 921 881 944 et
911 912 1022 945 vivere
1045 912 1156 946 faciat.
1204 913 1307 947 Unde
1331 923 1364 947 et

226 977 399 1012 Dominus
428 975 463 1008 in
487 973 694 1016 Evangeliis,
731 987 808 1007 cum
839 974 960 1008 ,Iudaei
998 974 1269 1018 praescriberent
1298 975 1361 1008 sibi

227 1042 270 1074 de
289 1037 490 1084 operatione
509 1044 541 1068 et
561 1035 736 1068 curatione
756 1036 899 1076 sabbati,
919 1036 1096 1080 respondit
1110 1035 1165 1070 iis:
1189 1036 1362 1080 „Pam-³)

225 1113 322 1134 meus
353 1111 460 1143 usque
489 1098 596 1130 modo
623 1106 801 1142 operatur,
834 1107 866 1130 et
895 1111 956 1140 ego
983 1101 1156 1142 operm-:⁸⁴
1180 1098 1363 1132 ostendens

225 1175 286 1207 per
310 1161 392 1193 haec
415 1159 452 1191 in
474 1159 572 1191 nullo
597 1159 722 1192 saeculi
745 1157 844 1204 hujus
861 1159 1003 1192 sabbato
1020 1158 1230 1204 requiescere
1245 1161 1360 1193 Deum

224 1238 243 1257 a
268 1219 577 1266 dispensationibus
599 1220 740 1261 mundi,
772 1229 803 1253 et
826 1233 846 1253 a
868 1221 1121 1266 provisionibus
1143 1221 1273 1263 generis
1297 1221 1361 1254 hu·-

224 1283 327 1318 mani.
374 1283 462 1314 Nam
498 1291 687 1316 creaturam
724 1282 862 1327 quidem
895 1283 974 1316 fecit
1004 1296 1042 1316 ex
1073 1283 1188 1323 initio,
1219 1291 1251 1316 et
1278 1283 1359 1317 sub-

224 1346 362 1382 stantias
392 1342 551 1390 protulit,
584 1353 724 1388 quantas
754 1344 883 1378 sciebat
914 1354 1035 1389 utpote
1058 1358 1173 1378 rerum
1199 1344 1360 1378 conditor

225 1410 268 1444 ad
304 1406 547 1453 perfectionem
583 1404 705 1438 mundi
741 1418 841 1449 posse
874 1406 1048 1446 sufficere,
1083 1407 1143 1440 sed
1174 1419 1281 1451 usque
1314 1407 1357 1439 ad

223 1468 552 1505 consummationem
584 1466 708 1499 saeculi
740 1468 782 1499 ab
808 1481 923 1501 earum
947 1467 1143 1513 provisione
1167 1476 1198 1501 et
1221 1467 1358 1512 dispen-

223 1532 354 1567 satione
376 1542 449 1562 non
473 1537 587 1561 cessat.
635 1528 709 1560 Erit
733 1542 812 1572 ergo
838 1543 956 1563 verum
987 1530 1188 1569 sabbatum,
1219 1529 1255 1562 in
1286 1543 1356 1574 quo

223 1594 390 1639 requiscet
412 1592 508 1624 Deus
532 1591 574 1623 ab
599 1590 759 1624 omnibus
785 1591 946 1636 operibus
969 1590 1046 1632 suis,
1069 1590 1243 1625 saeculum
1266 1591 1357 1624 futu-

222 1670 317 1696 rum,
340 1664 421 1687 tunc
446 1665 524 1686 cum
548 1652 697 1694 aufugiet
720 1654 838 1693 dolor,
862 1663 895 1686 et
917 1653 1066 1692 tristitia,
1089 1661 1121 1685 et
1142 1652 1300 1694 gemitus,
1324 1662 1357 1686 et

222 1718 285 1751 erit
316 1715 430 1749 omnia
463 1724 494 1748 et
523 1715 558 1748 in
593 1715 752 1748 omnibus
776 1715 880 1749 Deus.
928 1716 966 1748 In
997 1727 1066 1760 quo
1095 1715 1238 1748 sabbato
1271 1727 1355 1748 con-

222 1779 320 1813 cedat
349 1776 447 1810 etiam
480 1776 579 1810 nobis
606 1777 700 1811 Deus
730 1776 820 1810 diem
856 1778 978 1811 festum
1017 1789 1114 1819 agere
1150 1789 1285 1816 secum,
1323 1785 1355 1809 et

223 1853 300 1874 cum
324 1839 445 1872 sanctis
470 1839 593 1882 angelis
616 1838 684 1872 suis
708 1840 790 1873 festa
817 1839 998 1878 celebrare,
1023 1839 1202 1872 offerentes
1225 1837 1353 1872 sacrifi-

221 1903 311 1935 cium
335 1901 465 1940 laudis,
489 1909 522 1933 ct
544 1901 721 1934 reddentes
745 1900 904 1934 altissimo
928 1910 1004 1933 vota
1029 1910 1162 1940 nostra,
1186 1913 1273 1945 quae
1297 1900 1353 1933 hic

221 1963 443 1996 distinxerunt
474 1961 562 1995 labia
595 1972 719 1996 nostra.
775 1961 873 1995 Tunc
907 1963 1056 1995 fortassis
1087 1971 1120 1994 et
1149 1961 1350 1994 sacrificium

218 2024 428 2064 indesinens,
458 2024 502 2056 de
531 2037 600 2069 quo
632 2038 735 2069 supra
766 2023 998 2068 exposuimus,
1028 2023 1149 2058 melius
1179 2024 1351 2057 offeretur.

315 2158 346 2201 ²)
371 2158 430 2189 Ev.
455 2157 580 2189 Joann.
606 2157 680 2196 XV,
705 2157 735 2190 5.

312 2213 349 2255 ²)
374 2212 496 2246 Genes.
522 2213 562 2251 ll,
585 2214 617 2248 2.

311 2268 348 2312 ³)
373 2268 433 2302 Ev.
458 2267 580 2301 Joann.
604 2268 646 2308 V,
670 2269 721 2302 17.

1416 2305 1427 2460 h
