1427 2460
377 97 414 120 m
439 85 616 119 Nummos
642 85 801 119 HommA
815 84 893 118 XX.
1136 87 1205 121 245

162 179 193 210 2.
219 177 331 209 Multo
363 185 474 208 tamen
509 176 611 217 magis
645 174 856 208 exsecrabilis
889 184 937 207 est
959 176 1122 217 generalis
1144 178 1202 210 ina

74 238 265 278 fornicatio,
292 238 326 270 iu
352 250 417 281 qua
443 250 545 269 omne
570 249 671 278 genus
695 237 825 281 peccati
849 235 975 280 pariter
998 237 1200 272 continetur.

67 298 249 332 'Generalis
274 307 384 331 autem
410 297 592 330 fornicatio
618 297 758 338 dicitur,
792 312 868 331 curn
894 298 1025 338 anima,
1054 313 1141 344 quae
1164 299 1199 333 in

75 361 281 394 consortium
300 358 402 391 Verbi
416 359 483 392 Dei
505 358 628 393 adscita
654 369 711 398 est,
734 369 764 392 et
779 360 999 394 matrimonio
1023 360 1093 405 ejus
1112 375 1199 406 quo·
1240 387 1243 392 .

71 423 258 455 dammodo
285 420 424 460 sociata,
450 421 492 452 ab
519 421 591 454 ullo
617 421 728 453 alieno
744 420 880 460 scilicet,
907 430 937 453 et
952 422 1142 456 adversario
1158 423 1197 457 il-

69 483 133 516 lius
158 482 235 522 viri,
259 482 317 527 qui
343 494 415 514 eam
439 481 503 515 sibi
528 482 710 527 despondit
734 482 767 515 in
791 482 871 523 fide,
894 485 1143 529 corrumpitur,
1168 496 1200 519 et

67 545 221 578 violatur.
259 544 319 578 Est
346 557 424 586 ergo
449 558 594 589 sponsus
618 552 651 576 et
674 543 724 575 vir
748 543 881 577 animae
903 547 1054 579 mundae
1079 557 1111 581 et
1133 561 1197 592 pu-

60 606 181 646 dicae,
212 607 366 639 Verbum
390 607 472 646 Dei,
504 605 561 651 qui
587 614 634 638 est
659 605 810 639 Christus
835 606 1024 647 Dominus,
1056 607 1142 642 sicut
1166 619 1198 642 et

69 668 253 711 Apostolus
277 667 375 701 dicit:
411 668 512 706 „volo
529 667 565 710 1)
589 677 700 700 autem
727 680 845 700 omnes
868 682 928 701 vos
951 669 1009 702 uni
1033 670 1105 703 viro
1130 671 1196 704 vir-

64 729 177 770 ginem
204 738 326 761 castam
353 729 520 768 exhibere,
546 728 693 761 Christo.
735 728 857 761 Timeo
883 738 1006 769 autem,
1029 744 1074 763 ne
1098 733 1198 772 forte,

64 791 149 823 sicut
173 804 311 835 serpens
338 789 467 823 seduxit
490 790 596 822 Evam
624 789 739 822 astutia
764 804 841 830 sua,
863 791 909 823 sic
934 802 1199 836 corrumpantur

65 864 179 884 sensus
208 851 308 884 vestri
338 864 355 883 a
388 850 620 895 simplicitate,
659 864 746 894 quac
778 860 825 884 est
854 851 890 884 in
916 851 1052 887 Christo
1075 852 1196 887 Jesu.“

64 913 187 946 Donec
210 912 310 954 igitur
340 913 452 944 anima
482 912 642 945 adhaeret
672 926 798 957 sponso
830 926 912 953 suo,
949 923 980 946 et
1004 915 1098 947 audit
1122 929 1195 949 ver-

65 975 148 1007 bum
174 973 254 1020 ejus,
280 983 311 1008 et
333 973 444 1018 ipsum
467 966 726 1018 (complectitur,
750 975 822 1007 sine
845 975 953 1008 dubio
978 977 1021 1009 ab
1047 975 1122 1021 ipso
1145 991 1196 1011 se-

63 1049 141 1068 men
165 1036 302 1081 suscipit
325 1035 436 1076 verbi;
459 1045 490 1067 et
514 1036 600 1068 sicut
623 1035 680 1067 ille
704 1035 803 1068 dixit:
834 1038 954 1081 „de²)
977 1038 1100 1072 timore
1125 1050 1196 1079 tuo,

64 1097 229 1137 Domine,
252 1097 286 1130 in
311 1107 408 1129 utero
433 1095 625 1140 concepi:⁴‘
655 1096 699 1128 ita
733 1105 764 1129 et
789 1097 871 1130 haec
897 1097 994 1131 dicit:
1027 1101 1070 1133 de
1090 1102 1194 1133 verbo

64 1166 136 1197 tuo,
161 1158 322 1197 Domine,
345 1157 381 1190 in
404 1165 521 1190 ventre
549 1157 703 1202 concepi,
725 1166 756 1190 et
780 1159 962 1202 parturivi,
988 1170 1019 1193 et
1040 1161 1195 1205 spiritum

63 1219 176 1253 salutis
201 1229 277 1252 tuae
301 1219 365 1252 feci
389 1232 491 1263 super
514 1228 628 1252 terras.
668 1219 704 1252 Si
730 1232 808 1261 ergo
833 1212 880 1253 sic
901 1221 944 1253 de
961 1220 1096 1255 Christo
1113 1237 1194 1256 con-

65 1280 299 1327 cepitVanima,
325 1279 403 1312 fecit
426 1280 525 1319 filios,
548 1293 614 1324 pro
638 1279 761 1325 quibus
782 1280 914 1314 dicatur
937 1283 981 1315 ad
1006 1297 1091 1323 eam,
1117 1285 1195 1328 quia

62 1341 219 1384 „salva³)
250 1342 311 1375 erit
332 1354 396 1386 per
424 1341 573 1374 filiorum
599 1342 893 1385 procreationem,
922 1343 949 1377 si
973 1346 1196 1388 permanserit

62 1403 97 1435 in
122 1402 200 1442 fide,
225 1411 255 1435 et
279 1401 426 1442 caritate,
452 1411 484 1435 et
507 1402 696 1442 sanctitate,
721 1416 797 1435 cum
821 1405 1037 1445 sobrietate‚“
1067 1407 1194 1441 etiamsi

63 1464 155 1508 prius
179 1462 264 1496 sicut
286 1463 355 1496 Eva
379 1464 514 1496 seducta
540 1463 640 1497 fuisse
663 1464 775 1498 anima
799 1464 962 1499 videatur.
999 1467 1058 1500 Est
1081 1468 1194 1513 itaque

63 1538 139 1558 vere
162 1527 259 1558 beata
283 1525 436 1563 soboles,
469 1524 529 1557 ubi
562 1525 762 1559 concubitus
793 1528 899 1561 factus
928 1528 1030 1561 suerit
1060 1530 1193 1563 animae

64 1600 141 1620 cum
166 1587 281 1620 Verbo
306 1587 393 1625 Dei,
426 1595 457 1618 et
488 1586 548 1618 ubi
573 1588 769 1631 complexus
794 1590 837 1622 ad
861 1588 1001 1622 invicem
1027 1590 1192 1624 dederint.

63 1648 147 1681 Inde
170 1657 329 1681 nascetur
357 1659 517 1689 generosa
541 1649 736 1692 progenies,
766 1649 847 1682 inde
870 1649 1031 1694 pudicitia
1055 1651 1194 1692 orietur,

65 1708 146 1741 inde
171 1707 304 1753 justitia,
329 1708 409 1741 inde
433 1708 614 1752 patientia,
637 1708 717 1742 inde
741 1713 986 1751 mansuetudo,
1011 1720 1041 1744 et
1065 1713 1192 1754 caritas,

65 1779 165 1813 atque
191 1769 345 1802 omnium
370 1769 529 1802 virtutum
547 1770 660 1814 proles
674 1773 865 1805 veneranda
883 1774 1049 1806 succedet.
1086 1773 1192 1818 Quod

64 1831 92 1864 si
115 1831 228 1864 infelix
252 1830 362 1863 anima
388 1830 490 1863 divini
514 1831 606 1863 verbi
633 1832 849 1877 dereliquerit
872 1843 983 1867 sancta
1009 1836 1195 1877 connubia,

64 1901 97 1925 et
120 1891 154 1923 in
181 1893 391 1925 adulterinos
421 1905 456 1925 se
481 1893 676 1937 complexus
700 1893 847 1934 diaboli,
877 1895 1090 1939 aliorumque
1113 1898 1192 1931 dae-

64 1966 208 1985 monum
234 1952 398 1986 illecebris
424 1955 601 1998 deceptam
623 1953 815 1994 tradiderit,
839 1957 1011 1997 generabit
1033 1958 1104 1992 sine
1128 1959 1192 1992 du-

62 2013 121 2046 hio
147 2014 247 2046 etiam
270 2015 351 2047 inde
373 2015 481 2055 filios,
512 2016 570 2048 sed
602 2015 696 2054 illos,
731 2016 774 2048 de
797 2016 920 2060 quibus
939 2017 1102 2062 scriptum
1127 2030 1192 2054 est:

63 2074 145 2117 „filii
160 2075 196 2119 ⁴)
221 2085 333 2108 autem
358 2076 590 2109 adulterorum
614 2076 803 2121 imperfecti
827 2089 935 2118 erunt,
959 2088 992 2112 et
1014 2093 1051 2113 ex
1075 2081 1192 2126 iniquo

159 2202 194 2246 1)
217 2202 249 2234 11
274 2201 354 2237 Cor.
379 2204 440 2244 Xl,
461 2205 494 2238 2.
517 2205 547 2240 3.
652 2205 690 2249 ²)
713 2206 811 2240 Jesai.
835 2207 964 2249 XXVI,
987 2208 1040 2244 18.

156 2257 194 2302 ³)
219 2258 234 2290 I
258 2257 348 2293 Tim.
371 2259 413 2300 Il,
437 2261 490 2295 15.
661 2260 698 2306 4)
722 2262 803 2308 Sap.
826 2263 953 2300 Salom.
977 2264 1037 2305 Ill,
1059 2264 1111 2299 16.
