1427 2460
237 101 305 136 332
716 102 898 154 Omezms

506 279 867 319 HOMILIA
924 280 1103 321 XXVII.

399 354 458 386 De
493 354 794 389 mansionibus
831 355 1035 390 fitiorum
1076 356 1225 393 Israel.

329 462 359 495 1.
397 461 485 494 Cum
511 462 676 495 conderet
698 462 794 496 Deus
818 463 1004 502 mundum,
1032 463 1227 498 innumeras
1252 465 1375 498 creavit

239 522 396 556 ciborum
431 523 656 564 differentias,
690 537 756 569 pro
794 524 1041 559 diversitatibus
1071 527 1196 560 scilicet
1227 527 1279 559 vel
1308 526 1372 559 hu-

238 584 330 618 mani
355 585 521 625 desiderii,
544 587 597 618 vel
620 595 762 619 naturae
784 586 994 622 animalium.
1040 587 1143 620 Unde
1165 600 1239 620 non
1261 587 1374 621 solum

238 647 364 687 homo,
396 661 473 680 cum
497 647 618 681 viderit
641 648 839 682 animalium
865 648 997 689 cibum,
1025 648 1088 682 scit
1111 662 1190 682 eum
1212 662 1286 683 non
1309 662 1373 693 pro

236 723 290 749 se,
327 710 386 743 sed
419 723 484 754 pro
517 709 719 744 animalibus
752 720 922 751 creatum,
956 712 1015 746 sed
1041 709 1080 744 'et
1109 711 1183 756 ipsa
1216 710 1374 743 animalia

237 780 424 814 agnoscunt
446 772 606 816 proprios
632 772 741 806 cibos:
780 783 811 806 et
844 773 916 806 aliis
949 772 1102 818 quidem,
1141 772 1234 806 verbi
1265 785 1374 812 causa,

237 833 344 866 utitur
367 834 441 873 leo,
466 833 538 867 aliis
564 847 696 875 cervus,
722 835 793 868 aliis
816 835 891 874 bos,
915 835 986 868 aliis
1010 848 1090 868 vero
1115 848 1200 870 aves.
1247 835 1318 869 Sed
1343 843 1376 867 et

236 895 325 928 inter
359 895 516 928 homines
547 904 626 928 sunt
657 897 825 941 quaedam
864 896 1076 930 differentiae
1105 897 1141 930 in
1176 894 1376 941 appetendis

237 958 337 990 cibis:
371 966 404 990 et
429 957 514 990 alius
539 958 697 1002 quidem,
729 959 787 1003 qui
811 959 899 991 bene
922 972 1022 992 sanus
1048 967 1095 992 est
1119 968 1151 992 et
1174 957 1375 992 habitudine

236 1019 390 1064 corporis
419 1020 549 1058 valens,
583 1019 708 1052 fortem
738 1019 853 1053 cibum
884 1021 1043 1065 requirit,
1078 1030 1110 1054 et
1134 1020 1242 1053 credit
1265 1021 1373 1053 confi-

236 1081 354 1126 ditque
376 1094 411 1114 se
431 1081 466 1124 ¹)
488 1081 587 1113 edere
606 1079 732 1120 omnia,
755 1082 847 1114 velut
869 1082 1093 1115 robustissimi
1117 1082 1244 1126 quique
1267 1081 1374 1114 athle-

234 1153 358 1176 tarum.
413 1142 451 1175 Si
482 1142 556 1187 quis
588 1155 667 1175 vero
692 1142 917 1176 infirmiorem
941 1156 977 1177 se
999 1144 1098 1177 sentit
1122 1153 1154 1176 et
1175 1143 1373 1184 invalidum,

235 1207 420 1239 delectatur
451 1204 617 1244 oleribus,
654 1213 686 1237 et
716 1205 839 1238 sortem
872 1205 985 1239 cibum
1016 1219 1080 1250 pro
1103 1205 1155 1239 sui
1178 1205 1374 1238 infirmitate

234 1267 390 1313 corporis
407 1267 444 1311 ²)
479 1280 550 1299 non
583 1265 714 1311 recipit.
786 1266 822 1300 Si
860 1279 939 1300 vero
974 1267 1017 1300 sit
1054 1266 1173 1313 aliquis
1202 1267 1373 1312 parvulus,

235 1331 364 1364 etiamsi
396 1342 481 1362 voce
512 1328 662 1362 indicare
686 1341 758 1361 non
782 1329 904 1373 possit,
935 1343 972 1362 re
1001 1338 1116 1363 tamen
1145 1330 1217 1374 ipsa
1239 1330 1372 1363 nullam

234 1393 335 1426 aliam
361 1404 463 1436 quam
493 1389 589 1424 lactis
620 1391 761 1434 requirit
791 1391 1000 1424 alimoniam.
1056 1392 1101 1424 Et
1123 1390 1168 1424 ita
1193 1390 1372 1436 unusquis·

235 1468 301 1500 que
325 1455 376 1487 vel
400 1466 464 1498 pro
491 1461 615 1491 aetate,
638 1453 690 1485 vel
715 1465 779 1497 pro
804 1452 946 1492 viribus,
970 1453 1022 1485 vel
1046 1466 1109 1496 pro
1133 1453 1291 1497 corporis
1314 1465 1370 1486 va-

232 1517 403 1556 letudine,
434 1523 550 1559 aptum
581 1513 645 1548 sibi
675 1523 708 1547 et
733 1524 982 1559 competentem
1007 1515 1134 1548 viribus
1159 1514 1226 1548 suis
1251 1514 1374 1559 expetit

235 1580 360 1612 cibum.
417 1577 454 1611 Si
482 1576 690 1609 sufficienter
720 1589 835 1608 rerum
870 1576 1103 1620 corporalium
1138 1575 1373 1610 considerastis

234 1640 446 1685 exemplum,
475 1651 567 1671 nunc
592 1639 634 1670 ab
660 1637 698 1671 iis
722 1639 764 1670 ad
788 1637 1041 1679 intelligentiam
1064 1636 1291 1683 spiritualium
1317 1652 1373 1671 ve-

234 1704 377 1736 niamus.
434 1700 556 1735 Omnis
581 1708 701 1733 natura
726 1699 936 1732 rationabilis
960 1700 1110 1744 propriis
1135 1708 1167 1732 et
1190 1698 1254 1732 sibi
1277 1713 1371 1733 com—

232 1764 426 1810 petentibus
451 1761 574 1795 nutriri
596 1762 723 1803 indiget
747 1761 838 1795 cibis.
886 1760 991 1794 Cibus
1016 1771 1128 1794 autem
1152 1774 1249 1794 verus
1271 1771 1371 1795 natu-

233 1840 291 1860 rae
315 1824 527 1859 rationabilis
548 1837 659 1857 sermo
685 1823 752 1856 Dei
777 1833 833 1856 est.
887 1823 954 1856 Sed
987 1822 1074 1855 sicut
1096 1822 1133 1855 in
1155 1822 1370 1858 nutrimentis

233 1887 388 1932 corporis
404 1887 527 1919 multas
543 1886 648 1930 paulo
674 1894 750 1918 ante
774 1885 929 1918 dedimus
954 1884 1170 1924 differentias,
1192 1883 1237 1917 ita
1262 1894 1293 1917 et
1306 1897 1368 1918 na—

232 1960 306 1983 tura
330 1947 557 1988 rationabilis,
586 1961 672 1992 quae
696 1946 828 1980 ratione
852 1956 885 1979 et
908 1947 1013 1979 verbo
1038 1945 1123 1986 Dei,
1154 1954 1192 1979 ut
1215 1945 1368 1986 diximus,

232 2010 399 2055 pascitur,
432 2023 505 2043 non
540 2008 650 2043 omnis
682 2022 751 2042 uno
785 2018 885 2052 atque
918 2009 1040 2042 eodem
1073 2007 1178 2041 verbo
1211 2006 1366 2042 nutritur.

329 2189 361 2233 ¹)
386 2192 492 2223 Deest
515 2191 609 2231 „se“
631 2189 666 2222 in
692 2191 743 2223 ed.
770 2189 886 2222 Ruaei.

324 2245 361 2289 ²)
385 2245 489 2279 Deest
512 2246 728 2289 „corporis“
755 2245 789 2279 in
822 2244 915 2277 libris
939 2243 1034 2278 editis
1059 2243 1106 2288 (v.
1133 2257 1159 2278 c.
1185 2243 1264 2279 edd.
1287 2241 1367 2287 M.).

232 2293 290 2326 sed
315 2291 494 2336 suppletur
518 2304 535 2324 e
560 2291 639 2323 Mss.
663 2291 703 2323 R.
