1427 2460
366 73 406 97 m
428 63 611 97 Nummos
635 61 794 94 nomm
817 59 893 92 XII.
1132 61 1197 95 127

68 159 152 190 bum
176 154 254 189 Dei.
307 153 432 186 Puteus
462 151 601 196 quidem
632 150 659 184 si
686 149 853 195 profundi
883 148 1012 194 aliquid
1049 149 1199 197 mysterii

66 218 158 259 tegit,
180 218 257 250 fons
280 222 393 248 autem
416 213 444 246 si
469 213 513 245 ad
535 211 687 257 populos
711 212 864 244 abundat
894 220 926 244 et
957 211 1074 244 effluit.
1129 211 1199 244 Sed

64 292 139 316 ¹non
166 278 272 311 otiose
295 274 540 320 requirendum
565 282 622 313 est,
647 274 824 317 quomodo
840 272 1006 317 possimus
1029 273 1199 317 pluralem

68 350 249 372 numerum
273 336 316 369 de
338 335 447 380 puteis
470 348 650 380 exponere,
670 343 702 368 et
717 334 918 376 singularem
936 335 978 367 de
992 335 1098 374 fonte,
1121 335 1201 379 quia

68 401 104 433 in
127 397 320 432 Proverbiis
344 396 425 430 dicit
449 396 640 442 Sapientia:
664 397 766 437 „bibe
782 396 815 440 ¹)
841 409 943 441 aquas
958 398 999 428 de
1012 405 1199 440 puteorum

68 471 206 494 tuorum
230 460 356 492 fonte.“
390 459 575 492 Videamus
590 470 682 500 ergo,
710 471 857 503 quorum
882 466 1067 502 puteorum
1091 471 1199 490 unum

68 521 188 555 dixerit
209 521 352 553 fontem.
407 520 481 563 Ego
505 528 610 564 puto,
641 521 737 564 quod
767 519 902 553 scientia
933 518 1073 560 ingeniti
1096 519 1201 564 patris

68 597 156 616 unus
179 582 285 627 possit
304 581 450 624 intelligi
473 591 613 626 puteus,
635 582 696 614 sed
722 590 754 614 et
775 580 938 621 unigeniti
962 581 1022 614 filii
1048 580 1119 626 ejus
1143 595 1200 624 ag-

67 644 152 678 nitio
176 645 260 678 alius
290 652 412 688 puteus
444 642 584 683 intelligi
617 642 748 674 debeat.
801 642 896 674 Alius
935 643 1025 675 enim
1057 656 1076 675 a
1107 653 1203 687 patre

67 707 167 747 filius,
191 716 224 739 et
244 719 319 739 non
342 706 434 739 idem
457 703 557 743 filius,
582 702 640 747 qui
665 712 697 736 et
711 713 816 747 pater,
841 703 1017 747 sicutipse
1040 703 1075 736 in
1088 705 1201 737 Evan-

68 768 159 810 geliis
183 768 278 802 dicit:
299 766 405 807 „alius
416 766 453 810 ²)
479 774 536 804 est,
561 764 619 809 qui
643 773 674 797 et
698 764 928 798 testimonium
959 765 1002 796 de
1032 779 1087 798 me
1112 765 1203 805 dicit,

66 832 195 874 pater.⁴‘
239 828 284 861 Et
307 841 422 860 rursus
444 826 581 859 tertium
604 835 688 870 puto
713 825 819 859 videri
840 834 983 870 puteum
1008 839 1116 870 posse,
1141 841 1202 860 co-

69 890 261 933 gnitionem
286 889 434 934 Spiritus
456 888 571 921 sancti.
625 887 721 920 Alius
753 886 844 920 enim
876 897 908 920 et
930 887 1002 932 ipse
1028 898 1075 921 est
1099 903 1116 922 a
1141 902 1204 934 pa-

67 962 127 992 tre,
153 962 185 985 et
208 952 293 993 filio,
317 952 402 985 sicut
428 958 460 982 et
483 950 525 981 de
548 948 623 993 ipso
648 949 872 982 nihilominus
903 949 939 982 in
967 949 1203 994 Evangelio³)

68 1013 204 1047 dicitur:
229 1011 407 1056 „mittet4)
433 1011 528 1044 vobis
550 1020 648 1055 pater
672 1010 777 1044 alium
801 1012 1021 1056 paracletum,
1045 1012 1202 1056 spiritum

68 1074 245 1109 veritatis.“
289 1074 350 1107 Est
376 1086 454 1115 ergo
479 1072 563 1105 haec
587 1071 691 1104 trium
715 1071 886 1105 distinctio
918 1086 1142 1118 personarum
1166 1074 1203 1107 in

67 1137 170 1170 Patre
194 1145 225 1169 et
247 1135 339 1168 Filio
365 1143 396 1167 et
421 1133 552 1178 Spiritu
574 1142 710 1173 sancto,
743 1146 829 1178 quae
860 1134 903 1166 ad
934 1135 1104 1178 pluralem
1136 1148 1202 1178 pu-

67 1206 202 1230 teorum
226 1208 410 1229 numerum
432 1202 619 1227 revocatur.
668 1193 738 1227 Sed
759 1194 884 1227 horum
908 1204 1091 1238 puteorum
1116 1209 1204 1229 unus

70 1268 118 1292 est
143 1259 230 1291 fons.
275 1259 352 1290 Una
384 1257 474 1290 enim
506 1255 690 1289 substantia
724 1264 771 1289 est
805 1265 838 1288 et
867 1264 989 1289 natura
1020 1256 1204 1291 Trinitatis.

67 1320 113 1352 Et
143 1320 210 1352 hoc
245 1319 352 1351 modo
384 1330 457 1350 non
491 1317 598 1350 otiosa
629 1316 820 1349 invenietur
847 1315 1034 1361 scripturae
1069 1328 1205 1352 sanctae

69 1379 257 1420 distinctio,
301 1391 388 1422 quae
419 1378 519 1411 dicit:
555 1377 668 1422 „de⁵)
701 1386 885 1422 puteorum
910 1386 1050 1411 tuorum
1076 1381 1204 1413 fonte.“

69 1443 139 1477 Sed
162 1443 380 1475 observanter
405 1439 544 1487 mystica
568 1438 709 1480 signavit
725 1439 872 1484 eloquia,
897 1449 943 1479 ut,
968 1441 1064 1484 quod
1088 1442 1204 1485 plura-

67 1503 145 1537 liter
169 1502 298 1536 dictum
323 1510 371 1535 est
392 1502 556 1546 personis,
581 1500 793 1542 singulariter
815 1500 1019 1534 substantiae
1041 1503 1203 1535 conveni-

67 1574 128 1599 ret.
173 1564 321 1597 Possunt
344 1572 458 1596 autern
483 1571 515 1595 et
540 1562 589 1595 illi
611 1561 707 1607 putei
729 1562 845 1602 videri,
870 1563 913 1595 de
927 1576 1073 1607 quorum
1094 1564 1204 1596 scien-

67 1627 113 1659 tia
137 1625 272 1659 dicebat
294 1625 371 1664 ille,
407 1624 466 1669 qui
495 1624 644 1669 repletus
677 1633 725 1657 est
748 1624 909 1669 sapientia
941 1623 1025 1657 Dei:
1059 1625 1154 1669 „ipse
1167 1625 1203 1669 5)

69 1687 160 1721 enim
183 1686 268 1720 mihi
292 1686 385 1720 dedit
408 1699 547 1725 eorum,
571 1698 659 1730 quae
682 1694 777 1726 sunt,
807 1685 981 1718 scientiam
1005 1697 1130 1727 veram,
1167 1695 1205 1719 ut

69 1748 188 1782 scirem
212 1745 432 1781 substantiam
455 1746 588 1787 mundi,
611 1756 644 1780 et
667 1748 914 1780 elementorum
937 1747 1114 1786 virtutem,
1137 1747 1204 1780 ini-

68 1810 154 1844 tium
177 1818 209 1842 et
237 1810 342 1842 finem
377 1816 410 1841 et
440 1807 656 1842 medietatem
687 1818 902 1854 temporum,
930 1807 1203 1847 vicissitudinem,

164 1953 325 2006 1)“Ρι·ον.
352 1964 390 2006 V,
416 1965 467 1997 15.

161 2020 198 2062 ²)
223 2019 292 2053 Cfr.
319 2033 366 2053 ev.
389 2019 515 2052 Joann·
540 2018 630 2058 VIII,
653 2019 706 2052 18.

161 2076 199 2119 ³)
222 2076 311 2109 Edd.
336 2076 490 2109 Merlini:
514 2074 714 2116 Evangeliis.

161 2133 199 2174 ⁴)
222 2132 282 2164 Ev.
306 2132 434 2167 Joann.
458 2131 550 2170 XIV,
574 2131 624 2165 16.
650 2131 703 2164 17.

163 2188 199 2231 ⁶)
222 2188 323 2220 Prov.
350 2190 390 2227 V,
414 2191 466 2222 15.

161 2244 198 2287 ᾇ)
224 2244 302 2287 Sap.
327 2244 454 2277 Salom.
481 2244 556 2284 VII,
580 2244 721 2278 17—'20-
