1427 2460
216 105 286 142 346
391 97 393 101 ¹
697 103 877 137 OmGEle

215 210 310 238 rum,
349 201 510 240 tanquam
542 194 600 239 qui
633 193 787 227 dilexerit
808 194 998 234 mundum,
1034 201 1066 226 et
1088 193 1244 226 tenebras
1267 192 1348 239 ejus,

215 268 247 293 et
269 257 440 304 particeps
464 256 568 289 suerit
590 265 760 289 rectorum
785 255 907 289 mundi
931 254 1032 301 hujus
1054 255 1273 288 tenebrarum
1286 254 1346 287 ha-

214 334 301 354 rum.
354 319 533 352 Tenebrae
556 325 676 350 'autem
708 326 741 349 et
770 330 840 350 nox
876 319 1026 351 mundus
1060 316 1121 350 iste
1158 317 1349 361 appellatur
1386 306 1389 309 ¹

213 396 277 427 pro
314 381 372 420 iis,
408 379 466 424 qui
498 379 534 412 in
564 378 754 421 ignorantia
780 378 912 419 vivunt',
944 393 1008 413 nec
1037 380 1155 412 lumen
1177 378 1348 423 recipiunt

213 442 369 476 veritatis.
416 441 488 486 Qui
513 450 625 474 autem
649 441 732 475 tales
755 449 852 480 sunt,
889 442 932 474 de
953 441 1113 475 Ramesse
1142 454 1215 474 non
1239 440 1346 485 profi—

215 505 407 543 ciscuntur,
429 516 492 535 nee
517 512 692 536 transeunt
715 504 758 536 ad
783 503 952 537 Sochoth.

302 566 336 602 8,
383 565 567 599 Videamus
604 574 717 598 tamen
756 566 867 610 prius,
912 566 1052 609 quando
1081 563 1348 610 proficiscuntur

212 628 273 663 filii
298 628 400 662 Israel
423 640 464 664 ,ex
486 628 658 661 Ramesse.
704 627 912 672 „Mense,¹)
935 627 1063 673 inquit,
1100 627 1215 672 primo
1240 626 1347 671 quin-

216 690 382 724 tadecima
408 690 462 723 die
485 690 640 723 mensis.“
686 689 755 722 Per
777 699 999 734 praeceptum
1032 688 1176 722 Domini
1209 696 1346 733 quarta-

213 752 346 787 decima
371 752 426 784 die
448 751 572 784 mensis
597 761 733 793 egerant
755 752 880 796 pascha
903 752 940 785 in
971 754 1136 799 Aegypto,
1158 750 1348 797 jugulantes

211 827 336 856 agnum
362 813 484 858 pridie,
508 827 608 858 quam
632 813 940 859 proficiscerentur,
963 824 993 847 et
1016 814 1150 848 initium
1176 813 1347 858 quodam-

212 877 320 909 modo
347 875 529 909 festivitatis
561 876 675 909 adhuc
703 877 739 909 in
773 876 930 922 Aegypto
962 875 1064 920 positi
1096 884 1229 918 gerunt.
1284 875 1346 909 Se—

211 937 329 982 quenti
355 950 433 980 ergo
461 937 530 977 die,
557 937 614 982 qui
640 947 688 972 est
710 937 840 983 primus
865 938 935 971 dies
960 951 1176 985 azymorum,
1210 936 1345 982 quinta-

210 1000 340 1032 decima
367 999 422 1032 die
446 999 569 1032 mensis
593 998 696 1043 primi
728 999 994 1044 proficiscuntur
1028 1001 1070 1034 de
1100 1000 1277 1040 Ramesse,
1312 1008 1345 1034 et

209 1061 349 1094 veniunt
372 1061 407 1093 in
433 1058 608 1101 Sochoth‚
630 1071 667 1093 ut
700 1061 748 1094 ibi
778 1061 904 1095 faciant
933 1062 1114 1095 festivitatis
1146 1076 1345 1109 azymorum

209 1123 310 1157 diem.
354 1122 502 1172 ,‚Quis²)
527 1121 659 1167 sapiens
684 1132 716 1155 et
737 1123 900 1165 intelliget
922 1123 1028 1157 haec?
1050 1133 1202 1158 sensatus
1218 1134 1250 1158 et
1264 1136 1346 1167 cog-

208 1193 328 1217 noscet
361 1183 457 1217 ca?“
512 1184 588 1217 Imo
614 1183 689 1229 quis
713 1194 776 1224 est,
809 1185 867 1229 qui
891 1185 974 1219 haec
1007 1186 1057 1218 vel
1082 1199 1121 1219 ex
1143 1197 1241 1230 parte
1264 1200 1344 1230 cog-

208 1254 344 1286 noscat,
376 1245 461 1279 sicut
492 1247 681 1290 Apostolus
713 1246 809 1280 dicit:
834 1247 941 1292 „ex3)
965 1257 1063 1292 parte
1084 1249 1224 1289 seimus,
1248 1258 1282 1282 et
1306 1262 1344 1282 ex

207 1317 302 1352 parte
327 1307 625 1352 prophetamus?“
673 1308 759 1352 Quis
783 1308 956 1350 intelligit,
982 1311 1161 1354 quomodo
1187 1324 1226 1344 ex
1248 1321 1345 1357 parte

209 1369 280 1403 dics
312 1371 414 1402 festos
446 1369 592 1412 agimus,
627 1379 665 1402 ut
694 1383 797 1403 nemo
828 1384 892 1404 nos
925 1369 1054 1416 judicet
1081 1372 1117 1405 in
1147 1382 1244 1416 parte
1276 1374 1344 1407 diei

208 1430 302 1470 festi,
326 1442 382 1464 aut
404 1432 625 1471 neomeniae,
656 1441 715 1464 aut
737 1432 895 1467 sabbati?
951 1433 1074 1466 Omnis
1098 1445 1248 1479 namque
1273 1436 1343 1470 dies

207 1493 328 1532 festus,
352 1494 409 1537 qui
433 1494 468 1525 in
492 1495 589 1527 terris
615 1494 657 1526 ab
682 1494 879 1526 hominibus
903 1494 1045 1536 geritur,
1073 1494 1109 1527 in
1132 1506 1246 1539 parte,
1269 1511 1341 1531 non

207 1554 244 1586 in
267 1553 419 1595 integro,
452 1567 564 1599 neque
594 1557 746 1599 perfecto
771 1555 954 1589 festivitatis
978 1556 1077 1589 titulo
1102 1557 1246 1599 geritur:
1281 1562 1341 1594 sed

210 1629 287 1648 cum
312 1615 427 1649 exieris
448 1616 490 1649 de
515 1619 668 1663 Aegypto
695 1617 772 1658 ista,
798 1627 878 1650 tunc
907 1617 968 1650 erit
991 1618 1054 1650 tibi
1077 1621 1225 1663 perfecta
1250 1623 1340 1656 sesti-

207 1677 299 1717 vitas,
333 1687 415 1711 tunc
451 1691 565 1725 azyma
602 1678 800 1712 sinceritatis
836 1688 868 1712 et
902 1681 1046 1714 veritatis
1075 1675 1118 1715 ad
1151 1684 1340 1726 perfectum

208 1740 363 1780 curabis,
388 1749 470 1773 tunc
494 1740 711 1774 pentecostes
736 1740 826 1773 diem
849 1741 886 1774 in
909 1755 1027 1775 eremo
1059 1755 1152 1784 ages,
1188 1754 1221 1777 et
1258 1754 1340 1779 tunc

208 1804 298 1836 forte
336 1801 486 1846 primum
524 1815 671 1835 mannae
710 1803 824 1835 cibum
870 1805 1050 1838 coelestem
1089 1805 1267 1851 suscipies,
1299 1798 1339 1842 ac

206 1865 352 1906 singulas
378 1877 528 1909 quasque
552 1864 744 1898 festivitates
768 1877 876 1906 geres,
910 1867 952 1898 de
984 1866 1107 1910 quibus
1137 1866 1206 1913 jam
1237 1883 1337 1915 supe-

207 1927 293 1966 rius,
317 1935 354 1958 ut
376 1925 568 1970 potuimus,
598 1926 726 1959 dictum
760 1937 817 1959 est.
888 1927 982 1960 Scito
1012 1938 1142 1968 tamen,
1174 1931 1338 1974 quoniam

206 1997 284 2031 post
313 1986 399 2020 illud
429 1987 570 2031 pascha,
606 1989 702 2032 quod
726 1988 761 2020 in
798 1989 949 2034 Aegypto
974 1991 1101 2023 factum
1134 2001 1198 2032 est,
1234 1995 1337 2026 semel

205 2048 397 2082 invenimus
421 2049 458 2081 in
482 2050 615 2082 deserto
641 2050 765 2094 pascha
790 2059 963 2092 curatum,
996 2065 1075 2086 cum
1100 2040 1151 2087 lex
1176 2054 1255 2088 data
1278 2064 1336 2096 est,

303 2171 337 2213 ¹)
361 2171 463 2204 Num.
488 2170 655 2212 XXXIII,
678 2173 709 2207 3.

301 2227 338 2271 2)
363 2228 446 2260 Hos.
462 2227 563 2268 ΚΝ,
588 2229 640 2262 10.

303 2284 340 2327 ³)
363 2283 378 2317 1
402 2282 482 2316 Cor.
507 2284 602 2323 xm,
625 2284 656 2319 9.
