1427 2460
219 66 286 101 160
695 62 872 96 Omenms

215 155 306 202 ipsis,
332 169 350 189 a
375 153 497 200 quibus
522 152 685 192 habetur,
720 152 825 186 utitur
854 165 893 185 ea
929 153 972 186 ad
995 152 1200 186 necessarias
1225 166 1350 189 causas.

215 219 285 252 Per
306 217 398 263 ipsos
422 215 531 253 enim,
554 213 590 246 in
615 214 737 259 quibus
761 224 810 248 est
831 213 975 255 malitia,
1001 215 1108 249 claros
1133 223 1165 248 et
1186 216 1350 260 probatos

217 279 320 313 efficit
343 291 410 317 eos,
438 276 497 321 qui
520 277 563 308 ad
586 275 749 309 virtutum
773 276 914 319 gloriam
938 277 1093 312 tendunt,
1129 277 1218 310 Nam
1231 277 1259 311 si
1271 290 1350 323 per-

215 342 378 374 imeretur
402 337 540 377 malitia,
563 350 635 370 non
661 347 743 371 esset
766 338 900 383 utique,
933 339 992 383 qui
1015 338 1199 372 contrairet
1220 338 1349 373 virtuti-

213 404 288 436 hus.
334 401 448 433 Virtus
472 408 603 439 autem,
627 412 700 432 non
720 400 848 433 habens
871 399 999 444 aliquid
1023 399 1252 442 contrarium,
1274 413 1349 434 non

214 465 421 501 claresceret,
436 461 470 505 ¹)
493 474 556 494 nec
580 460 792 506 splendidior
817 469 848 494 et
871 462 1091 495 examinatior
1113 462 1218 496 fieret.
1265 463 1347 497 Non

211 526 361 571 probata
396 536 494 563 vero,
531 536 595 556 nec
631 521 819 556 examinata
853 522 976 563 virtus,
1011 537 1073 558 nec
1086 523 1123 568 ²)
1154 524 1256 558 virtus
1289 533 1346 557 est.

213 588 283 621 Sed
307 587 406 626 haec,
437 585 463 618 si
489 585 646 618 dicantur
675 585 747 618 sine
772 584 966 618 divinorum
989 586 1173 631 verborum
1195 585 1357 619 testimo-⁷

211 649 293 689 niis,
325 646 485 693 exquisita
516 646 620 687 magis
653 656 684 679 et
715 647 864 679 humana
897 655 967 680 arte
998 647 1205 692 composita,
1241 660 1344 692 quam

211 723 288 744 vera
318 719 420 754 atque
455 707 645 742 indubitata
676 708 891 741 videbuntur.
944 708 1170 753 Requiramus
1183 708 1220 753 3)
1255 720 1347 750 ergo,

210 773 237 806 si
269 771 468 818 hujusmodi
497 783 632 803 sensum
663 770 761 804 etiam
793 769 967 803 volumina
998 769 1111 804 divina
1141 770 1345 804 contineant.

210 834 393 867 Veniamus
424 831 467 865 ad
499 832 690 876 Joseph.4)
750 832 852 865 Tolle
891 831 1054 865 malitiam
1091 833 1233 866 fratrum
1263 830 1345 877 ejus,

208 897 293 930 tolle
306 893 478 933 invidiam,
501 893 585 926 tolle
603 893 690 926 illud
712 905 815 926 omne
829 893 1034 938 parricidale
1050 902 1292 934 commentum,
1307 894 1343 938 ⁵)

208 970 278 1002 quo
303 955 492 990 saevierunt
513 955 549 988 in
573 956 723 996 fratrem,
748 968 854 1000 usque
878 968 946 1000 quo
972 957 1157 999 venderent
1179 968 1266 989 eum.
1305 953 1343 988 Si

207 1019 291 1052 haec
315 1019 464 1056 auferas,
495 1017 571 1050 vide
604 1026 764 1062 quantam
785 1016 888 1050 simul
911 1016 1095 1062 peremeris
1119 1015 1342 1062 dispensatio-

205 1093 284 1113 nem
310 1080 387 1112 Dei.
435 1078 546 1112 Simul
572 1079 661 1111 enim
687 1078 866 1111 abscindes
891 1088 1012 1111 cuncta
1036 1078 1112 1119 illa,
1136 1091 1224 1124 quae
1247 1079 1340 1123 apud

206 1144 399 1189 Aegyptum
430 1153 493 1185 per
520 1140 652 1184 Joseph
684 1153 748 1184 pro
789 1140 895 1172 salute
931 1141 1086 1174 omnium
1124 1150 1213 1183 gesta
1252 1149 1340 1174 sunt.

203 1205 285 1237 Non
308 1202 423 1236 suisset
445 1202 678 1246 interpretatio
690 1200 727 1245 ὅ)
759 1200 883 1234 somnii
912 1200 1119 1242 Pharaonis,
1152 1202 1180 1235 si
1202 1214 1265 1247 per
1287 1200 1341 1234 in-

202 1265 327 1299 vidiam
351 1266 494 1297 fratrum
518 1276 590 1296 non
621 1262 738 1296 fuisset
760 1262 892 1307 Joseph
917 1263 1109 1304 distractus,
1138 1273 1171 1297 et
1200 1264 1341 1298 venisset

202 1328 239 1362 in
262 1329 471 1373 Aegyptum:
503 1337 607 1357 nemo
631 1324 861 1364 intellexisset,
897 1337 983 1369 quae
1005 1327 1102 1358 Deus
1138 1326 1340 1359 revelaverat

202 1388 282 1431 regi,
308 1400 412 1421 nemo
437 1387 607 1418 frumenta
633 1395 864 1428 congregasset
886 1386 922 1418 in
946 1388 1015 1427 Ae„
1043 1395 1122 1430 pto,
1147 1399 1251 1420 nemo
1274 1399 1337 1419 ne—

204 1449 388 1484 cessitatem
412 1448 509 1481 famis
533 1448 675 1492 sapienti
698 1446 894 1491 provisione
920 1456 1079 1481 curasset:
1101 1447 1254 1493 periisset
1270 1449 1337 1481 Ae-

201 1520 340 1559 gyptus,
372 1509 548 1555 periissent
572 1517 605 1541 et
628 1507 791 1541 finitimae
820 1509 974 1550 regiones
1007 1510 1108 1542 fame.
1158 1508 1339 1544 lmen-iisset

203 1572 303 1607 etiam
329 1573 402 1617 ipse
424 1571 536 1610 Israel,
561 1580 593 1603 et
615 1583 731 1603 semen
755 1569 826 1616 ejus
852 1583 1018 1614 quaerens
1041 1583 1185 1615 panem,
1215 1571 1243 1605 si
1266 1572 1336 1605 Ae—

202 1643 342 1682 gyptum
364 1647 437 1667 non
461 1631 576 1665 fuisset
598 1632 800 1673 ingressum,
836 1644 900 1664 nec
930 1631 1050 1673 egressi
1072 1631 1211 1666 fuissent
1234 1646 1272 1666 ex
1296 1646 1336 1667 ea

202 1695 265 1729 filii
286 1695 389 1728 Israel
413 1706 490 1728 cum
513 1693 724 1727 mirabilibus
748 1693 903 1727 Domini.
957 1694 1132 1739 Nusquam
1156 1695 1276 1739 plagae
1297 1694 1334 1728 in

294 1840 329 1878 ’ὅ
351 1840 442 1873 Edd.
466 1838 623 1873 Merlini:
649 1839 817 1879 clarescet,
840 1852 903 1872 nec
925 1858 970 1865 —
993 1839 1062 1874 fiet.

291 1896 328 1938 ²)
351 1895 422 1929 Pro
447 1894 574 1929 verbis:
597 1908 682 1936 „nec
704 1895 809 1929 virtus
821 1900 899 1935 est,“
921 1895 958 1929 in
983 1896 1070 1930 Cod.
1094 1896 1201 1930 sancti
1216 1896 1334 1931 Theo-

200 1940 308 1975 dorici
333 1941 416 1974 haec
440 1942 613 1982 leguntur:
645 1942 774 1981 „claros
799 1951 831 1974 et
852 1942 1017 1985 probatos
1039 1954 1113 1975 non
1137 1942 1238 1976 efficit
1262 1956 1331 1983 eos,

199 1985 257 2031 qui
281 1987 324 2019 ad
349 1986 509 2019 virtutum
534 1985 675 2027 gloriam
701 1988 852 2020 tendunt
856 1992 874 2005 “
886 1987 937 2023 R.

289 2040 326 2093 ³)
350 2041 440 2076 Edd.
465 2041 620 2075 Merlini:
651 2041 876 2086 Requiramus
911 2055 990 2085 ergo
1021 2041 1217 2089 hujusmodi
1252 2056 1328 2078 sen—

198 2099 251 2120 sus
275 2085 302 2119 si
326 2086 426 2118 etiam
449 2085 622 2119 volumina
645 2096 705 2120 etc.

289 2140 325 2185 ⁴)
351 2139 421 2174 Cfr.
449 2141 568 2175 Genes.
592 2140 771 2175 XXXVII.

290 2199 326 2241 ⁵)
351 2197 437 2230 cod.
464 2196 698 2231 Carnotensis:
723 2198 1022 2237 „commercium.“
1046 2199 1085 2232 R.

287 2253 325 2296 ⁶)
350 2252 421 2288 Cfr.
446 2251 567 2286 Genes.
592 2253 679 2286 XLI.
704 2266 796 2298 seqq.

1389 1785 1408 1852 ἐὖ
1393 1603 1415 1797 &naza-„2
1404 1539 1406 1549 2<

1395 1775 1427 1852 4

1397 1853 1427 1910 2

1415 1966 1427 2028 1
