1427 2460
208 45 278 79 212
693 39 873 74 Omessms

217 133 340 179 quibus
362 132 430 167 sint
444 130 566 165 similia
581 131 800 164 tabernacula
812 130 925 168 Israel.
961 130 1064 165 Extra
1076 131 1168 164 hunc
1183 132 1350 166 mundum

215 208 271 229 me
293 193 457 240 progredi
482 191 659 232 convenit,
691 200 728 224 ut
751 191 903 231 videam,
927 205 1013 237 quae
1037 193 1101 226 sint
1124 194 1352 233 tabernacula,

215 269 304 302 quae
332 254 402 287 fixit
432 253 616 287 Dominus.
671 252 732 285 Illa
763 252 925 286 nimirum
960 263 1056 294 sunt,
1087 267 1174 299 quae
1205 254 1353 288 ostendit

215 317 341 356 Mosis,
372 329 449 349 cum
472 314 731 349 tabernaculum
757 323 967 349 construeret
990 315 1026 349 in
1050 316 1204 355 deserto,
1237 315 1353 349 dicens

215 379 258 412 ad
274 391 369 411 eum:
393 376 502 418 „vide,
518 375 555 419 ¹)
578 375 697 420 inquit,
711 383 749 408 ut
763 376 863 409 facias
881 378 993 411 omnia
1014 378 1203 411 secundum
1217 386 1353 422 typum,

216 441 275 485 qui
309 448 460 473 ostensus
492 446 539 471 est
568 435 630 469 tibi
659 435 694 469 in
726 440 879 471 monte.“
934 440 986 472 Ad
1017 439 1240 473 imitationem
1272 451 1352 481 ergo

216 503 360 535 istorum
384 498 697 538 tabernaculorum,
721 511 810 543 quae
827 500 863 543 ²)
887 500 959 534 fixit
983 501 1140 535 dominus
1164 501 1275 540 Israel,
1299 499 1352 545 ju-

216 564 343 596 bentur
372 563 484 595 facere
516 560 753 599 tabernacula,
784 570 818 594 et
850 562 1082 607 unusquisque
1109 571 1264 596 nostrum
1297 574 1352 593 ex-

217 623 354 669 pedire,
386 633 417 657 et
441 622 607 656 fabricare
637 622 894 655 tabernaculum
919 637 1029 659 suum,
1073 623 1178 657 Unde
1199 621 1283 656 mihi
1306 622 1354 655 vi-

217 688 316 720 detur
328 698 401 718 non
419 684 563 717 fortuitu
578 683 767 724 contigisse,
792 683 958 722 utPetrus
974 684 1123 729 quidem,
1147 694 1180 718 et
1192 685 1354 723 Andreas,

219 756 251 779 et
274 746 335 780 filii
349 745 529 785 Zebedaei,
557 755 628 778 arte
650 745 834 791 piscatores
855 745 1098 789 invenirentur,
1123 747 1249 780 Paulus
1271 758 1351 779 vero

219 818 308 854 arte·
320 809 416 841 faber
446 807 760 841 tabernaculorum.
808 805 852 839 Et
884 807 962 852 quia
993 807 1043 841 illi
1068 808 1176 841 vocati
1207 808 1250 840 ab
1285 816 1354 840 arte

218 869 465 915 capiendorum
490 867 645 913 piscium,
668 877 845 901 mutantur
869 878 901 901 et
925 871 1012 902 fiunt
1034 869 1218 914 piscatores
1241 867 1353 901 homi-

218 945 313 972 num,
337 931 471 964 dicente
494 930 671 963 Domino:
694 930 825 970 „venite
841 930 878 975 ³)
903 940 981 975 post
1004 944 1069 970 me,
1094 940 1125 964 et
1147 930 1270 964 faciam
1295 943 1354 963 vos

219 993 404 1038 piscatores
428 991 650 1024 hominum:⁴‘
671 1004 747 1024 non
772 991 927 1032 dubium,
951 992 1033 1036 quin
1059 1002 1090 1026 et
1112 992 1250 1032 Paulus,
1274 991 1354 1037 quia

219 1064 254 1087 et
282 1054 354 1098 ipse
384 1066 447 1098 per
469 1051 663 1085 Dominum
693 1062 847 1086 nostrum
870 1052 988 1086 ‚Iesum
1014 1052 1187 1087 Christum
1218 1062 1355 1086 vocatus

220 1116 393 1160 apostolus
411 1123 469 1154 est,
492 1112 593 1147 simili
617 1113 695 1147 artis
718 1126 798 1146 suae
820 1114 1121 1148 transformatione
1134 1124 1280 1147 mutatus
1297 1113 1355 1147 sit:

218 1187 274 1218 ut,
298 1177 385 1211 sicut
407 1175 457 1209 illi
482 1188 520 1208 ex
543 1173 768 1219 piscatoribus
801 1175 946 1220 piscium
968 1176 1150 1221 piscatores
1175 1175 1357 1209 hominum

219 1236 299 1271 facti
324 1245 419 1277 sunt,
442 1235 488 1269 ita
514 1246 545 1270 et
566 1236 629 1269 iste
652 1250 670 1269 a
694 1236 856 1270 faciendis
879 1238 1107 1272 tabernaculis
1128 1237 1284 1277 terrenis,
1312 1237 1356 1270 ad

219 1298 379 1332 coelestia
403 1297 622 1331 tabernacula
647 1300 874 1332 construenda
896 1300 1074 1332 translatus
1095 1299 1146 1333 sit.
1180 1299 1355 1333 Consu-uit

221 1360 313 1394 enim
345 1358 502 1392 coelestia
534 1359 770 1399 tabernacula,
802 1361 929 1392 doeens
959 1373 1242 1405 unumquemque
1261 1360 1353 1394 viam

218 1420 349 1460 salutis,
374 1429 406 1452 et
427 1420 603 1453 beatarum
627 1419 664 1453 in
687 1420 891 1454 coelestibus
914 1423 1129 1455 mansionum
1153 1421 1216 1454 iter
1240 1431 1352 1455 osten-

221 1484 314 1516 dens.
362 1480 459 1515 Facit
489 1482 709 1515 tabernacula
733 1482 875 1523 Paulus,
908 1493 940 1515 et
965 1496 1043 1516 eum
1074 1484 1116 1515 ab
1141 1482 1354 1516 Hierusalem

218 1545 255 1578 in
287 1543 428 1577 circuitu
459 1556 568 1588 usque
603 1544 647 1576 ad
680 1543 853 1591 Illyricum
885 1545 995 1589 replet
1025 1544 1248 1586 Evangelium
1275 1544 1355 1585 Dei,

220 1604 376 1639 ecclesias
400 1606 647 1638 construendo:
674 1615 706 1638 et
729 1606 797 1638 hoc
819 1606 926 1638 modo
951 1606 1032 1639 facit
1047 1605 1120 1651 ipse
1137 1607 1353 1640 tabernacula

222 1667 266 1700 ad
282 1664 539 1700 similitudinem
563 1667 864 1701 tabernaculorum
879 1666 1084 1708 coelestium,
1108 1681 1195 1713 quae
1208 1668 1355 1702 ostendit

221 1728 315 1761 Deus
346 1726 381 1760 in
406 1737 524 1760 monte
548 1727 651 1762 Mosi.
698 1727 769 1762 Sed
799 1737 831 1761 et
859 1728 1092 1774 unusquisque
1122 1738 1291 1769 nostrum,
1325 1729 1353 1762 si

221 1789 294 1835 quis
317 1799 431 1822 tamen
455 1788 552 1822 exivit
578 1790 620 1822 de
644 1791 815 1836 Aegypto,
846 1800 879 1823 et
910 1790 1038 1824 habitat
1067 1789 1103 1823 in
1135 1791 1286 1832 deserto,
1318 1791 1352 1825 in

219 1850 442 1883 tabernaculo
475 1850 576 1883 debet
599 1850 767 1892 habitare,
798 1860 830 1884 ct
863 1851 952 1884 diem
982 1852 1105 1885 festum
1134 1851 1171 1884 in
1191 1853 1350 1886 taberna—

221 1912 304 1946 culis
328 1924 435 1954 agere.
483 1911 578 1946 Sicut
602 1911 692 1945 enim
718 1913 1000 1947 commemoratio
1031 1913 1068 1946 fit
1091 1913 1287 1955 egressionis
1314 1927 1352 1946 ex

317 2063 350 2106 ·)
374 2063 483 2098 exod.
507 2062 619 2103 xxv,
643 2065 697 2098 4ο.

311 2119 348 2161 ²)
371 2119 462 2154 Edd.
487 2118 642 2151 Merlini:
679 2131 766 2164 quae
790 2119 860 2153 fixit
885 2119 1064 2160 dominus,
1088 2119 1188 2154 lsrael
1215 2118 1351 2165 jubetur

218 2165 330 2196 facere
354 2174 413 2196 etc.

313 2218 348 2261 ³)
375 2218 494 2251 mata..
519 2217 577 2258 lv,
602 2219 654 2252 19.
