1427 2460
323 70 361 95 JN
387 61 563 94 Nummos
588 59 749 92 Ilonntm'
768 58 893 91 xxlv.
1103 59 1167 92 301

44 155 70 188 si
101 153 136 186 in
166 152 271 184 domo
303 149 414 184 mariti
437 162 522 182 uxor
547 148 675 193 aliquid
700 148 845 187 voverit,
879 157 910 180 et
933 148 1073 181 audiens
1097 162 1168 181 ma—

0 209 1 212 *
46 214 128 247 ritus
158 226 228 246 non
261 212 478 251 recusaverit,
510 223 583 243 rcus
617 210 657 242 sit
688 210 755 242 voti
785 209 912 254 pariter
943 223 1019 242 cum
1052 222 1168 242 uxore.

46 275 83 313 Si
108 287 186 308 vero
218 273 435 311 recusaverit,
463 281 530 304 tam
561 284 647 304 uxor
676 271 719 306 sit
740 270 863 311 libera,
895 285 997 316 quam
1020 271 1169 305 maritus.

45 335 82 370 Si
113 349 191 369 vero
227 334 384 375 tacuerit,
418 342 576 377 uterque,
615 342 652 365 ut
692 332 850 372 diximus,
887 347 962 365 rcus
993 333 1168 366 habeatur.

45 397 137 430 Haec
166 405 244 429 sunt
274 396 429 440 quidem,
462 407 548 439 qnae
577 395 698 438 scriptu
728 404 822 427 sunt:
857 396 914 427 sed
949 395 1097 428 orandus
1122 403 1171 427 est

25 457 142 490 <nobis
164 456 277 497 Deus,
298 446 336 490 ut
357 457 564 489 intellectum
591 456 672 488 dare
696 455 853 496 dignetur
874 468 909 489 se
923 457 1072 497 dignum,
1099 468 1169 500 quo

43 518 142 558 haec,
166 527 203 550 ut
226 518 339 559 decet,
364 519 406 551 de
430 517 497 550 Dei
520 516 628 550 verbis
652 516 838 560 intelligere
861 518 1029 561 possimus
1053 526 1084 549 et
1108 517 1170 548 ad-

42 588 181 612 vertere.
228 576 359 613 Omnes
383 579 442 624 qui
464 579 527 612 sub
551 578 624 620 lege
649 579 714 611 Dei
739 578 893 618 vivimus,
918 588 950 611 et
972 577 1007 610 in
1033 578 1171 611 ccclesia

42 639 113 686 ejus
136 640 313 682 habemur,
337 641 439 686 aliqui
454 640 488 685 ¹)
515 641 577 674 sub
602 641 763 685 patribus,
786 639 889 684 aliqui
913 641 975 672 sub
1002 640 1078 673 viris
1101 640 1169 682 agi-

0 741 1 750 *
41 715 128 739 mus,
172 701 217 734 Et
239 703 266 736 si
290 703 427 747 quidem
443 702 589 746 parvula
616 711 663 734 est
686 701 812 740 anima.
838 711 869 734 et
892 700 984 734 initia
1010 702 1112 734 habet
1134 702 1169 734 in

43 763 288 798 eruditionibus
313 764 447 803 divinis,
480 765 561 797 haec
591 765 655 797 sub
678 772 775 808 patre
799 775 896 804 agere
920 763 1088 795 credenda
1114 772 1170 795 est.

41 826 79 860 Si
103 839 182 858 vero
213 825 280 871 jam
314 825 462 858 adultior
489 826 576 858 sacta
609 834 672 865 est,
705 824 749 856 ita
774 832 811 856 ut
835 823 895 856 viri
918 834 1038 868 potens
1062 825 1103 857 sit
1127 825 1170 858 ad

43 886 306 932 concipiendum
337 900 450 920 semen
482 886 575 919 verbi
609 885 691 925 Dei,
722 895 755 918 et
785 886 961 919 doctrinae
990 886 1172 931 spiritualis

41 961 162 994 capere
189 957 332 989 secreta,
365 949 447 981 haec
478 949 541 981 suh
572 950 645 982 tiro
674 948 784 992 posita
815 947 946 981 dicitur.
994 948 1050 981 Sic
1080 947 1170 980 enim

40 1019 74 1043 et
95 1010 222 1044 Paulus
254 1010 388 1043 dicebat
417 1011 459 1042 (le
490 1009 692 1043 Corinthiis:
719 1009 821 1049 „volo
838 1009 877 1054 2)
906 1018 1018 1042 autem
1054 1023 1172 1042 omnes

41 1084 100 1105 vos
130 1071 191 1106 uni
223 1071 294 1105 viro
326 1071 489 1113 virginem
522 1081 647 1104 castam
677 1070 851 1110 exhibere,
885 1069 1053 1104 Christo.“
1100 1071 1171 1114 Qui

41 1146 121 1167 vero
155 1133 372 1177 perfectiores
405 1143 483 1167 sunt
518 1142 550 1166 et
585 1132 824 1165 eminentiores
856 1132 997 1172 horum,
1033 1134 1076 1165 de
1106 1131 1172 1165 illis

41 1207 113 1227 non
138 1194 271 1233 dicitur,
300 1194 394 1238 quod
416 1196 479 1227 sub
505 1195 576 1227 viro
602 1194 682 1234 sint,
715 1195 773 1227 sed
799 1194 895 1233 audi,
925 1195 1103 1238 quomodo
1128 1195 1172 1227 de

40 1265 144 1290 semet
166 1256 240 1301 ipso
266 1255 385 1299 suique
408 1256 572 1289 similibus
596 1254 794 1300 pronuntiet
817 1255 958 1288 Paulus:
988 1257 1120 1295 „donec
1133 1255 1170 1299 ³)

42 1330 277 1357 occurramus,
299 1317 427 1361 inquit,
451 1330 569 1349 omnes
593 1318 628 1349 in
651 1317 759 1348 virum
784 1320 991 1360 perfectum,
1013 1317 1048 1350 in
1073 1331 1169 1350 men-

41 1391 153 1412 suram
190 1378 303 1412 aetatis
337 1377 559 1423 plenitudinis
593 1377 752 1413 Christi.“
797 1378 886 1411 Huic
919 1392 997 1421 ergo
1026 1379 1171 1419 animae,

40 1453 128 1485 quae
156 1440 191 1473 in
220 1441 329 1473 virum
361 1440 548 1484 perfectum
581 1439 747 1479 occurrit,
777 1452 880 1472 nemo
913 1441 1111 1474 dominatur
1134 1442 1170 1474 in

41 1501 143 1541 votis,
172 1501 231 1534 sed
261 1501 364 1534 habet
392 1510 594 1545 potestatem
624 1514 765 1534 suorum
790 1501 1049 1546 libertatemque
1073 1512 1170 1536 voto-

10 1586 14 1588 -
41 1575 127 1596 rum.
173 1562 210 1595 Si
233 1572 347 1595 autem
370 1563 508 1596 feminei
533 1563 644 1596 adhuc
670 1563 797 1605 generis
823 1562 927 1596 fuerit
951 1563 1082 1602 anima,
1115 1565 1170 1597 cui

41 1625 92 1657 vel
115 1623 175 1663 vir,
193 1624 245 1656 vel
268 1633 365 1669 pater
388 1624 583 1657 dominetur
605 1625 640 1657 in
665 1625 765 1662 votis,
789 1637 862 1657 non
884 1637 1017 1669 semper
1040 1625 1074 1657 in
1099 1625 1170 1670 ipsa

41 1694 88 1718 est
113 1685 229 1729 culpa,
252 1687 310 1718 sed
333 1686 503 1719 interdum
527 1687 615 1719 redit
638 1687 681 1719 ad
704 1685 804 1725 viros,
827 1688 878 1720 vel
901 1696 1067 1731 parentes.
1117 1688 1171 1721 De

43 1746 167 1790 quibus
197 1746 368 1791 applicare
398 1747 537 1780 difficile
567 1748 624 1787 sit,
657 1757 771 1780 tamen
805 1760 891 1792 quae
914 1748 1069 1782 Domino
1102 1749 1169 1782 lar-

43 1807 151 1848 giente
183 1808 375 1858 potuerint,
403 1809 597 1842 inferemus.
644 1810 755 1854 Saepe
779 1809 937 1848 diximus,
968 1810 1170 1850 animarum,

43 1880 130 1911 quae
159 1869 195 1901 in
227 1869 363 1902 ecclesia
388 1870 455 1903 Dei
476 1880 570 1911 sunt,
599 1884 714 1904 curam
739 1871 1086 1916 procurationemque
1109 1873 1170 1906 ha-

43 1929 116 1972 beri
139 1942 201 1974 per
222 1932 378 1974 angelos,
399 1944 551 1977 quosque
576 1932 673 1967 etiam
699 1933 742 1966 ad
764 1932 929 1979 judicium
953 1933 1067 1967 venire
1092 1947 1168 1967 cum

94 2135 101 2141 ⁸
139 2091 172 2135 ¹)
197 2091 284 2124 Cod.
307 2093 413 2127 sancti
438 2094 664 2128 Theoderici:
686 2095 812 2140 „aliqui
835 2095 898 2128 sub
922 2094 1084 2140 patribus,
1109 2096 1169 2129 ali<

46 2148 102 2187 qu!
131 2138 194 2169 sub
224 2137 331 2170 viris.“
376 2138 467 2171 Libri
501 2148 596 2172 antea
630 2140 709 2173 editi
733 2141 781 2184 (ν.
806 2154 832 2174 c.
857 2141 934 2174 edd.
958 2140 1043 2182 M.):
1077 2142 1166 2179 „ali-

45 2181 125 2223 quid
149 2182 212 2213 sub
237 2183 403 2227 patribus,
429 2185 556 2229 aliquid
580 2186 642 2218 sub
670 2185 772 2218 viris“
798 2195 857 2218 etc.
904 2186 943 2218 R.

136 2236 172 2279 2>
198 2239 227 2270 u
255 2238 332 2270 cor.
360 2240 419 2277 xi,
442 2242 463 2272 -2
567 2241 603 2279 ³)
631 2228 750 2281 Εμὴοέ.
779 2241 834 2278 iv,
861 2242 909 2273 13.
