1427 2460
197 71 262 106 136
678 72 856 106 Omenms

203 162 352 206 quinque
389 175 503 194 mnas:
540 176 577 194 ex
611 161 690 195 Deo
730 171 841 195 autem
878 162 958 202 fuit,
998 172 1034 195 ut
1066 162 1207 196 haberet
1230 164 1336 198 homo

202 236 328 263 mnam,
354 237 392 256 ex
417 236 483 267 qua
507 224 618 256 facere
639 232 754 268 posset
769 223 803 267 ¹)
828 224 946 258 decem
971 237 1078 258 mnas.
1110 223 1199 258 Cum
1214 215 1336 260 'autem

206 284 329 318 obtulit
351 297 387 317 ex
412 297 446 317 se
470 285 588 317 decem
614 297 720 324 mnas,
743 285 874 329 accepit
898 299 1013 319 rursus
1039 300 1057 320 a
1072 287 1149 320 Deo
1174 300 1246 320 non
1269 287 1338 334 jam

205 347 401 391 pecuniam,
433 346 493 379 sed
526 355 727 390 potestatem
759 355 791 378 et
825 358 966 388 regnum
1008 348 1125 381 decem
1159 348 1339 382 civitatum.

206 407 342 452 Petit2)
377 409 499 441 iterum
534 408 627 441 Deus
658 408 701 441 ab
727 408 921 448 Abraham,
956 419 993 442 ut
1021 410 1161 444 offerret
1194 410 1224 443 ei
1248 411 1340 445 Isaac

207 469 312 502 filium
337 483 447 511 suum,
471 470 505 502 in
529 478 683 503 montem
700 482 941 514 quemcunque
963 472 1162 506 ostendisset
1185 472 1223 506 ei.
1264 472 1340 506 Ob·

207 531 284 564 tulit
324 532 497 564 Abraham
540 531 729 576 intrepidus
770 530 1000 573 unigenitum,
1043 532 1207 585 imposuit
1241 547 1343 579 super

209 606 313 633 aram,
338 594 484 626 cultrum
510 592 634 633 eduxit,
658 602 694 626 ut
716 593 892 639 jugularet,
914 592 1089 642 inhibetur
1110 595 1344 635 continu0,'et

209 655 294 688 aries
319 655 349 688 ei
372 668 436 700 pro
460 655 531 688 filio
557 655 656 687 datur
679 656 722 688 ad
746 654 928 690 victimam.
987 656 1090 691 Vides
1121 648 1218 699 ergo,
1255 656 1344 702 quia,

210 730 296 761 quae
319 717 396 750 Deo
425 716 612 756 offerimus,
635 716 736 749 nobis
759 726 909 757 manent,
931 717 989 750 sed
1003 718 1046 751 ad
1061 717 1126 751 hoc
1148 718 1345 763 expedmur,

211 778 303 812 utin
334 778 372 812 iis
405 779 546 812 affectus
574 787 690 811 noster
725 791 801 821 erga
837 778 951 811 Deum
984 779 1151 823 probetur
1187 789 1219 813 et
1250 779 1345 814 fides.

211 840 303 878 Haec
327 853 391 885 pro
417 854 469 881 eo,
496 841 591 884 quod
615 839 775 881 diximus,
797 842 970 884 profectos
995 853 1064 874 csse
1087 842 1303 889 filios-Israel
1327 857 1346 876 a

211 911 334 946 puteo,
369 912 401 935 et
424 902 550 935 venisse
572 901 607 934 iu
631 901 860 943 Mafflanaim,
892 903 986 946 quod
1006 903 1248 947 interpretatur
1271 917 1348 937 mu-

211 976 292 996 nera
318 976 447 997 eorum.
495 965 523 996 A
552 963 764 1003 Mathanaim
796 972 908 997 autem
935 963 1087 997 venimus
1121 965 1156 997 in
1182 965 1347 1005 Nabaliel,

214 1027 308 1069 quod
337 1025 579 1070 interpretatur
605 1026 692 1069 ex3)
725 1025 812 1058 Deo.
861 1024 956 1069 Quid
969 1023 1006 1068 4)
1030 1038 1068 1058 ex
1093 1025 1198 1059 Deo?
1246 1026 1346 1060 Post-

213 1099 357 1131 eaquam
383 1086 607 1120 obtulerimus
629 1099 704 1125 nos,
727 1099 814 1130 quae
839 1099 877 1119 ex
900 1086 1000 1119 nobis
1016 1095 1104 1127 sunt,
1127 1086 1279 1121 venimus
1304 1088 1347 1121 ad

213 1150 291 1188 hoc,
314 1159 351 1182 ut
375 1160 626 1193 consequamur
650 1161 698 1188 ea,
724 1161 812 1191 quae
836 1160 873 1179 ex
897 1147 974 1180 Deo
998 1157 1084 1182 sunt.
1141 1148 1230 1182 Cum
1255 1147 1346 1183 euim

213 1211 317 1244 fidem
341 1221 511 1250 nostram,
535 1219 566 1242 et
589 1211 751 1242 affectum
777 1208 1000 1243 obtulerimus
1026 1210 1073 1251 ei,
1105 1220 1184 1245 tunc
1216 1221 1248 1245 et
1277 1211 1349 1257 ipse

213 1273 354 1315 largitur
375 1273 475 1305 nobis
499 1271 626 1305 diversa
650 1272 741 1304 dona
767 1271 916 1315 Spiritus
937 1271 1063 1312 sancti,
1086 1272 1130 1306 de
1153 1272 1274 1317 quibus
1298 1274 1349 1308 ‹li-

216 1334 261 1366 ‹tit
284 1334 480 1378 Apostolus:
505 1333 643 1374 „omnia
659 1332 696 1375 5)
720 1341 831 1365 autem
857 1345 895 1364 ex
919 1333 997 1365 Deo
1023 1323 1134 1367 s=,1ut.“
1179 1334 1221 1367 Et
1245 1335 1346 1367 aNa-

215 1395 316 1428 haliel
338 1395 491 1428 venimus
516 1395 549 1426 in
582 1393 751 1433 Bamoth,
791 1394 885 1437 quod
915 1393 1156 1438 interpretatur
1185 1397 1348 1430 adventus

215 1457 346 1490 mortis.
393 1456 499 1500 Cujus
522 1456 641 1488 mortis
670 1455 724 1487 hic
748 1453 964 1496 intelligimus
989 1457 1189 1496 adventum,
1219 1456 1283 1491 nisi
1307 1458 1367 1500 il-⁴

216 1520 297 1559 lius,
322 1532 386 1563 qua
413 1517 548 1552 Christo
578 1515 842 1554 commorimur,
878 1525 914 1548 ut
947 1526 979 1550 et
1011 1517 1227 1552 convivamus
1239 1519 1276 1563 ⁶)
1308 1519 1349 1559 ei,

217 1591 248 1613 et
273 1594 338 1625 qua
363 1581 526 1613 debemus
549 1577 803 1620 mortificat-⁸3⁷)
827 1579 981 1610 membra
1004 1588 1131 1620 nostra,
1161 1593 1248 1624 quae
1271 1589 1350 1614 sunt

218 1656 319 1686 super
335 1641 486 1675 terram?
532 1640 576 1672 Et
599 1639 738 1672 iterum:
763 1640 975 1684 „consepulti
988 1639 1025 1685 Β)
1050 1640 1140 1674 enim
1160 1640 1210 1674 illi
1233 1655 1349 1675 sumus

217 1718 279 1747 per
302 1703 510 1748 baptismum
531 1702 567 1734 in
592 1705 737 1734 morte-‘⁸⁴
791 1701 827 1733 Si
857 1701 929 1744 quis
964 1714 1042 1743 ergo
1076 1703 1227 1736 salutaris
1250 1703 1350 1749 hujus

219 1765 290 1799 viae
315 1766 470 1799 ordinem
496 1772 597 1803 tenet,
620 1775 681 1806 per
708 1763 789 1795 haec
800 1763 948 1805 singula,
973 1777 1059 1808 quae
1076 1765 1350 1806 memoravimus,

315 1896 348 1938 ¹)
373 1895 460 1928 Edd.
486 1892 642 1926 Mcrlini:
668 1892 780 1936 possit.
875 1893 910 1937 2)
938 1893 1006 1926 Csr.
1033 1892 1162 1927 Gentes.⁴
1179 1892 1290 1925 XXll.
1358 1930 1361 1933 Ι

313 1951 349 1993 3)
372 1951 512 1996 Aliquid
546 1954 679 1986 videtur
713 1954 871 1986 deficere:
922 1963 1032 1993 neque.
1072 1949 1160 1982 enim
1195 1949 1351 1981 Nabaliel

220 1995 302 2028 vcr‘ti
326 2006 437 2039 potest
458 2012 518 2036 „ex
542 1999 653 2037 Deo‚“
675 1999 735 2031 sed
759 1996 944 2041 „possessio
969 2008 1046 2027 mea
1069 2008 1106 2026 ex
1126 1994 1238 2028 Dco.“
1261 1993 1351 2026 R.—

221 2040 361 2074 Videtur
384 2043 512 2086 aliquid
535 2044 691 2082 deficere,
713 2044 774 2076 sed
797 2042 838 2074 cf.
863 2053 953 2084 seqq.

312 2097 348 2141 4)
373 2097 461 2131 Edd.
486 2099 640 2145 Blerliui:
675 2098 769 2142 Quid
795 2107 841 2131 est
871 2110 908 2130 ex
933 2105 994 2131 etc.

313 2153 349 2196 5)
375 2153 444 2186 Cfr.
469 2154 483 2186 l
509 2156 589 2190 Cor.
614 2154 705 2194 vm,
727 2155 758 2189 6.

313 2210 348 2251 t³)
375 2209 444 2242 Csr.
471 2210 484 2242 l
511 2210 662 2245 Thessal,
685 2210 726 2249 V,
752 2212 804 2245 10.
903 2208 938 2250 7)
964 2207 1094 2241 Coloss.
1121 2206 1178 2247 lli,
1201 2207 1231 2240 5.

309 2264 345 2307 ἡ)
371 2265 469 2297 Rom.
500 2266 555 2305 VI,
579 2266 608 2299 4.
