1427 2460
312 92 348 115 m
379 81 557 114 vamnos
581 80 741 114 HommA
767 81 911 114 XXVII.
1113 54 1179 120 30&

50 182 81 205 ct
107 171 214 211 aliud,
252 171 336 204 sicut
369 170 618 205 observavimus
650 170 684 202 in
716 171 892 211 Numeris‚
929 173 1057 216 posffl)
1098 174 1179 206 hacc

48 232 115 278 jam
148 245 315 276 nusquam
349 231 434 273 geri,
469 231 533 264 nisi
563 231 598 264 in
630 240 718 265 terra
743 232 1026 277 repromissionis.
1077 234 1181 276 Igitur

38 293 297 338 ,quintadecima
322 293 377 326 die
400 293 523 326 mensis
547 293 660 337 peimi,
679 294 838 339 'sequenti
862 305 939 338 post
962 295 1090 329 Pascha
1116 296 1181 336 die,

49 354 107 400 qui
132 364 178 388 est
200 354 332 403 primus
364 366 561 400 azymorum
597 354 685 395 dies,
723 355 867 400 profecti
890 366 968 389 sunt
991 357 1053 390 filii
1077 356 1181 392 Israel

26 418 91 450 ‘de
114 416 289 456 Ramesse,
313 414 398 457 in2)
423 429 572 455 „manu,
597 415 724 460 inquit,
759 418 903 459 excelsa,
934 417 970 450 in
995 429 1182 463 conspectu

48 476 201 510 omnium
234 477 518 523 Aegyptiorum.“
574 476 672 519 Quae
704 487 752 510 est
788 491 907 512 manus
941 480 1092 513 excelsa?
1137 481 1182 514 Et

49 538 128 572 alibi
152 539 243 572 enim
267 538 366 572 dicit:
393 538 625 581 „exaltetur³)
655 552 774 573 manus
808 545 897 573 tua.“
943 540 1014 574 Ubi
1038 555 1112 575 non
1136 553 1183 576 est

48 601 236 634 humanum
263 613 365 644 opus,
389 614 451 633 nec
476 609 667 640 terrenum,
699 602 758 634 sed
781 601 953 642 divinum,
987 603 1037 636 ibi
1061 617 1182 638 manus

48 663 176 696 excelsa
206 661 415 699 nominatur.
470 662 538 694 Per
567 675 687 695 manus
716 675 867 707 namque
909 677 996 707 opus
1032 665 1184 707 intelligi,

48 737 148 769 saepe
176 722 247 769 jam
279 722 409 756 dietum
441 732 496 756 est.
549 723 589 756 In
624 735 729 756 manu
754 737 833 766 ergo
861 726 1004 764 excelsa,
1039 725 1074 758 in
1098 740 1182 760 con-

48 794 163 831 spectu
193 784 349 817 omnium
381 784 623 831 Aegyptiorum
655 785 803 829 profecti
827 795 914 818 sunt.
963 786 1029 826 „Et
1042 785 1078 829 4)
1110 787 1182 821 Ae-

50 846 162 894 gyptii,
184 845 305 890 inquit,
330 845 539 890 sepeliebant
562 854 719 878 mortuos
742 849 867 879 suos:“
899 846 1045 880 viventes
1070 857 1182 880 autem

48 909 278 953 sequebantur
300 906 493 939 Dominum
518 907 633 939 Deum
657 919 767 938 suum.
825 906 907 940 Post
936 908 1020 941 haec
1051 909 1183 950 dicitur,

50 969 128 1014 quia
152 968 254 1013 „et⁵)
278 968 313 1001 in
340 967 403 1001 diis
432 980 552 1001 eorum
576 967 654 1000 fecit
671 967 842 1001 Dominus
867 969 1082 1002 vindictam.“
1114 970 1183 1003 Sed

51 1039 83 1064 et
106 1030 141 1063 iu
165 1030 289 1063 Exodo
316 1029 360 1061 ita
386 1028 483 1061 dicit:
519 1038 580 1068 „et
593 1028 628 1073 6)
652 1029 688 1061 in
714 1029 873 1062 omnibus
906 1030 969 1062 diis
994 1031 1182 1075 Aegyptio—

52 1105 127 1124 rum
151 1091 250 1124 faciet
274 1091 446 1123 Dominus
471 1090 662 1124 vindictam.
674 1096 692 1110 “
741 1091 806 1124 Hie
831 1100 943 1123 autem
969 1090 1067 1131 dicit,
1104 1092 1183 1135 quia

50 1153 130 1187 fecit
151 1152 186 1185 in
212 1165 268 1185 eos
292 1152 467 1184 Dominus
499 1152 691 1185 vindictam.
745 1151 909 1193 „Sunt⁷)
938 1152 1094 1196 quidam,
1125 1153 1184 1198 (μή

53 1214 214 1247 dicuntur
238 1213 286 1247 dii
308 1213 375 1247 sive
400 1213 432 1246 iu
461 1214 569 1254 coelo,
594 1214 661 1247 sive
684 1213 719 1246 in
744 1216 871 1246 terra:“
921 1215 1102 1257 Apostolus
1127 1215 1181 1248 ait.

53 1277 122 1310 Sed
147 1284 179 1308 et
202 1274 237 1307 in
260 1275 398 1320 psalmis
424 1274 564 1309 dicitur:
588 1288 728 1316 „omnes
741 1274 777 1319 8)
805 1274 850 1307 (1ίί
871 1275 1020 1315 gentium
1043 1277 1184 1308 daemo-

52 1337 141 1373 nia.“
185 1337 267 1369 Non
299 1349 377 1378 ergo
409 1336 608 1377 simulacra,
643 1337 703 1369 sed
728 1337 925 1375 daemones,
957 1336 1017 1380 qui
1046 1336 1184 1370 simula—

54 1398 117 1432 criS
141 1398 303 1439 assident,
337 1399 419 1432 deos
445 1398 544 1439 dicit,
579 1397 614 1431 in
647 1410 732 1442 quos
756 1397 835 1430 fecit
866 1397 1037 1431 Dominus
1075 1397 1184 1431 vindi-

22 1467 24 1470 “
54 1470 152 1494 ctam.
199 1460 271 1495 Sed
295 1458 393 1492 velim
418 1460 602 1504 requirere,
625 1459 804 1503 quomodo
822 1458 915 1492 Deus
932 1459 1112 1491 vindictam
1136 1461 1185 1493 fa-

55 1523 119 1556 ciat
149 1521 185 1554 in
215 1523 416 1562 daemones,
443 1535 520 1554 cum
556 1522 674 1566 utique
708 1520 875 1553 vindictae
912 1521 981 1553 dies
1013 1529 1043 1552 ct
1067 1519 1186 1565 judicii

54 1585 212 1617 nondum
242 1583 423 1616 advenerit.
480 1583 565 1615 Sed*
587 1583 674 1615 hanc
712 1595 772 1623 ego
807 1591 892 1626 puto
929 1582 963 1614 in
1001 1583 1185 1629 daemones

54 1646 129 1679 fieri
151 1645 354 1685 vindictam,
385 1657 461 1676 cum
487 1644 533 1684 is,
564 1644 622 1689 qui
648 1645 689 1676 ab
713 1643 777 1677 illis
808 1644 968 1687 deceptus
992 1644 1119 1682 suerat,
1149 1652 1187 1675 ut

55 1707 148 1741 idola
173 1707 316 1746 coleret,
346 1718 408 1750 per
440 1706 582 1738 verbum
608 1704 752 1737 Domini
785 1717 964 1737 conversus
997 1705 1185 1738 Dominum

58 1768 154 1803 colit:
180 1777 211 1801 et
236 1781 274 1801 ex
298 1767 371 1812 ipso
399 1779 502 1812 opere
524 1766 754 1800 conversionis
779 1765 812 1798 in
838 1779 914 1810 eum
940 1766 1102 1806 vindicta,
1128 1766 1187 1810 qui

57 1832 256 1874 deceperat,
282 1830 389 1862 datur.
439 1828 602 1861 Similiter
626 1827 651 1861 si
675 1828 719 1868 is,
752 1826 811 1872 qui
835 1842 854 1861 a
879 1827 1102 1860 daemonibus
1127 1827 1186 1860 dc-

59 1901 174 1937 ceptus
197 1892 308 1925 fuerat
331 1891 375 1923 ad
397 1890 649 1929 fornicandum,
674 1898 889 1922 convertatur
913 1890 956 1922 ad
980 1888 1188 1934 pudicitiam,

152 2030 189 2075 1>
212 2030 302 2063 Edd.
327 2027 483 2061 Merlini:
513 2038 544 2062 et
567 2038 645 2074 post
672 2030 754 2062 haec
779 2038 839 2062 etc.

152 2087 189 2130 2)
215 2086 319 2119 Num.
345 2084 509 2124 XXXIII,
532 2085 564 2118 3.
767 2085 804 2128 3)
829 2083 952 2118 Psahn}
976 2083 1021 2124 X,
1045 2085 1097 2118 12.

153 2139 190 2184 ⁴)
215 2142 315 2174 Num.
341 2139 505 2179 XXXIII,
529 2141 560 2174 4.
765 2141 801 2184 ⁵)
824 2142 926 2173 Num.
946 2140 1112 2183 XXXIII,
1135 2138 1167 2174 ⁴1.

153 2198 190 2241 ὓ)
217 2197 286 2230 Csr.
311 2197 419 2228 Exod.
445 2196 519 2235 VH,
544 2198 574 2230 4.
601 2210 691 2241 seqq.

155 2253 192 2297 ⁷)
215 2254 231 2286 I
257 2253 335 2287 Cor.
362 2252 454 2293 VIII,
477 2253 508 2287 5.
766 2252 803 2295 Β)
826 2253 951 2287 Psalm.
975 2252 1100 2293 XCVI,
1122 2254 1153 2288 5.
