1427 2460
313 90 349 113 m
372 79 551 112 Nummos
577 77 737 111 Horum
760 78 885 112 XXVI.
1029 60 1033 61 ⁷
1104 83 1169 119 321

34 183 143 206 suum.
189 168 362 212 Viriola¹)
387 177 419 201 et
443 168 588 200 annulus
613 177 813 201 ornamenta
832 178 910 203 sunt
930 183 1109 213 manuum,
1134 172 1168 205 iu

35 231 158 276 quibus
195 243 337 276 operum
368 229 542 270 signantur
572 228 707 263 indicia.
756 230 920 263 Similiter
949 241 982 264 et
1012 233 1170 266 dextrale.

37 293 222 327 Catenulae
247 304 326 324 vero
351 290 444 324 verbi
470 300 502 323 et
526 290 701 324 doctrinae
733 292 960 326 connexiones
985 294 1168 328 declarant.

34 354 158 398 ,‚Ad²)
182 351 454 398 propitiandum,
475 351 594 397 inquit,
617 352 731 385 Deum
755 366 820 397 pro
845 353 977 387 nobis.“
1018 355 1054 389 Si
1078 355 1170 390 dica-

32 427 107 448 mus
128 423 270 459 propter
288 426 409 447 aurum
424 414 535 446 Deum
556 413 744 458 propitium
762 415 836 448 fieri
855 415 1061 456 homiuibus,
1086 418 1171 458 vide,

33 488 134 520 quam
158 476 355 515 absurdum,
379 475 448 507 imo
471 488 571 519 quam
595 475 739 519 impium
766 475 945 521 judicetur,
982 477 1059 511 Hoc
1079 479 1169 512 enim

33 538 131 571 etiam
156 537 191 570 in
209 527 289 570 *viro
314 538 409 569 bono
436 537 586 570 notabile
612 536 765 577 ducitur,
797 537 823 570 si
847 547 985 582 accepto
1011 552 1095 573 auro
1122 541 1165 573 ab

30 597 249 632 inferioribus
281 598 443 643 placetur.
500 597 640 641 Quanto
673 610 752 640 ergo
782 599 885 641 magis
916 599 999 631 haec
1025 602 1066 633 de
1092 601 1168 635 Deo

31 660 154 693 sentire
185 673 255 693 non
288 658 469 693 convenit?
516 658 618 691 Unde
642 667 725 703 puto
752 658 966 703 expositionis
991 661 1090 706 hujus
1115 676 1169 695 ec-

33 720 234 754 clesiasticae
258 721 361 764 magis
386 730 541 754 constare
566 721 754 760 rationem,
787 733 873 765 quae
902 733 965 765 per
994 724 1067 756 auri
1092 737 1168 768 spe-

33 781 98 816 cies
129 782 273 816 indicari
307 783 407 815 docet
439 781 541 814 animi
568 780 723 821 virtutes,
755 791 786 814 et
817 782 992 816 bonorum
1024 797 1169 828 operum

0 843 4 847 “
33 853 138 885 gesta,
168 856 254 888 quae
285 843 355 876 sola
388 843 506 876 offerri
531 843 607 876 Deo
642 844 683 875 ab
709 842 907 876 hominibus
940 845 1079 886 dignum
1111 857 1170 887 est,

33 913 65 937 et
95 917 159 948 pro
193 904 315 949 quibus
338 904 417 938 solis
441 903 629 948 propitium
654 904 728 937 fieri
752 904 865 937 Deum
891 905 1086 940 hominibus
1112 909 1171 942 de-

33 973 94 997 cet.
140 964 206 1005 „Et
223 964 260 1010 ³)
285 965 433 1010 accepit,
464 965 592 1010 inquit,
623 966 755 1006 Moses,
792 976 824 999 et
849 966 992 1001 Eleazar
1014 971 1170 1005 sacerdos

30 1038 150 1059 aurum
175 1027 217 1059 ab
243 1026 402 1061 omnihus
426 1027 590 1067 tribunis,
623 1037 654 1060 et
686 1026 962 1068 centurionibus,
994 1038 1026 1062 et
1056 1030 1169 1064 intulit

30 1087 116 1120 illud
125 1087 160 1121 in
167 1089 424 1122 tabernaculum
434 1088 628 1130 testimonii,
639 1087 840 1122 memoriale
852 1088 928 1123 filiis
937 1091 1039 1124 Israel
1054 1105 1170 1126 coram

30 1149 219 1183 Domino.“
265 1149 368 1184 Vides
382 1150 471 1195 quia,
496 1164 583 1195 quae
599 1149 768 1190 dicuntur,
792 1164 864 1183 non
882 1152 925 1184 ad
950 1163 1170 1198 conspectum

33 1210 214 1252 visibilem,
244 1212 303 1245 sed
335 1212 379 1244 ad
409 1212 531 1258 mentis
562 1210 764 1244 memoriam
797 1213 1000 1247 referuntur.
1047 1214 1171 1249 Beatus

31 1273 121 1306 enim
147 1282 193 1306 est
214 1272 282 1314 ille,
309 1273 366 1317 qui
391 1274 591 1306 recordatur
614 1286 648 1306 se
672 1272 756 1306 boni
784 1272 916 1317 aliquid
942 1275 1053 1318 operis
1070 1278 1171 1318 egisse

31 1347 146 1368 coram
178 1333 354 1374 Domino,
393 1343 425 1367 et
462 1335 624 1368 obtulisse
656 1347 798 1367 munera
835 1335 1048 1380 beneplacita
1080 1338 1170 1378 Deo,

32 1395 136 1429 animi
159 1395 306 1435 virtutes,
331 1404 363 1428 et
388 1405 587 1429 ornamenta
606 1394 748 1440 pietatis.

119 1457 151 1492 3.
175 1456 258 1490 Post
281 1457 365 1489 haec
390 1457 545 1501 sequitur
569 1457 710 1490 historia
741 1458 783 1491 de
809 1458 1013 1493 haereditate
1036 1461 1172 1504 Ruben,

30 1528 63 1552 et
87 1517 174 1558 Gad,
203 1527 236 1550 et
260 1517 422 1552 dimidiae
446 1519 554 1553 tribus
577 1519 748 1553 Manasse:
783 1520 826 1553 de
851 1532 917 1565 qua
940 1533 1173 1566 proponentes

33 1579 146 1624 aliqua
184 1579 365 1625 disserere,
406 1579 565 1615 volumus
605 1580 699 1626 prius
735 1582 929 1615 auditorum
966 1582 1172 1626 diligentiam

33 1652 274 1680 commonere,
299 1649 331 1673 et
356 1640 488 1675 animos
512 1654 632 1675 eorum
657 1643 700 1675 ad
724 1642 1051 1687 contemplationem
1075 1645 1175 1690 spiri-

30 1701 130 1735 tualis
154 1700 394 1744 intelligentiae
417 1703 586 1736 suscitare.
635 1703 762 1737 Omnia
788 1716 875 1748 quae
899 1703 1077 1746 dicuntur,
1099 1719 1172 1741 non

31 1763 144 1797 solum
170 1775 208 1795 ex
232 1762 327 1807 ipsO,
360 1763 419 1808 qui
443 1763 582 1806 dicitur,
614 1778 772 1798 sermone
794 1766 968 1809 pensanda
991 1776 1085 1808 sunt,
1114 1771 1174 1803 sed

35 1833 68 1857 et
100 1835 248 1868 persona
281 1823 421 1859 dicentis
451 1838 661 1871 magnopere
691 1826 936 1860 consideranda
966 1836 1021 1861 est.
1067 1829 1175 1863 Verbi

33 1887 161 1928 gratia:
185 1885 213 1919 si
236 1897 325 1931 puer
348 1895 396 1919 est
420 1886 478 1930 qui
502 1886 672 1931 loquitur,
697 1888 829 1922 animos
851 1896 985 1922 nostros
1010 1890 1054 1923 ad
1077 1889 1175 1924 audi-

33 1955 106 1980 tum
131 1947 261 1992 eloquii
284 1947 422 1993 puerilis
447 1956 612 1992 aptamus,
635 1961 699 1982 nec
723 1950 800 1994 plus
812 1949 942 1994 aliquid
961 1950 998 1983 in
1014 1950 1064 1992 iis,
1088 1964 1174 1996 quae

140 2089 175 2134 ¹)
201 2090 289 2124 Cod.
313 2092 419 2125 sancti
443 2092 674 2129 Theudorici:
707 2095 879 2136 „Armilla
915 2105 947 2129 et
970 2095 1091 2130 anulus
1117 2109 1175 2129 or-

33 2145 192 2169 namenta
217 2140 325 2169 sunt“
349 2146 411 2172 etc.
434 2138 477 2171 R.

124 2193 163 2236 2>
188 2195 290 2227 Num.
314 2192 444 2233 XXXI,
468 2194 521 2228 50.

132 2248 169 2293 ³)
193 2249 294 2282 Num.
317 2248 449 2289 XXXI,
473 2251 527 2284 54.

39 2307 218 2344 Omcssms
243 2309 381 2344 OPERA.
407 2310 505 2345 ΤοΜ.
530 2312 572 2345 Χ.
867 2314 910 2347 21
