1427 2460
375 62 409 84 m
434 53 612 86 Nummos
636 48 798 83 ΗοΜηῐΑ
823 49 883 82 ΙΧ.
1150 50 1194 85 87

59 141 287 175 continentiae
311 140 511 182 designatur.
552 139 651 183 Quae
673 139 860 173 necessaria
886 138 1023 184 quidem
1046 148 1124 172 sunt
1148 141 1191 173 ad

57 203 244 236 custodiam
268 215 404 242 eorum,
439 214 526 246 quae
558 210 733 234 servantur
756 201 973 241 intrinsecus,
1003 202 1191 243 frangenda

57 266 262 308 quandoque
284 273 397 296 tamen
422 272 453 295 ct
475 262 546 296 sine
570 262 676 296 dubio
702 263 916 296 dissolvenda
948 271 1037 296 sunt.
1091 262 1140 295 Ut
1163 262 1188 296 si

55 326 147 359 verbi
180 323 283 367 gratia
317 324 483 364 dicamus,
515 325 717 358 abstinentia
744 325 917 365 ciborum,
955 334 988 358 et
1019 323 1187 367 castigatio

53 386 215 432 corporis,
238 387 349 419 donec
373 399 488 419 sumus
512 386 549 418 in
574 400 720 431 corpore
743 386 806 419 isto
832 386 1046 431 corruptibili
1064 395 1094 419 et
1110 399 1187 430 pas—

50 448 150 488 sibili,
171 448 243 481 sine
266 447 372 481 dubio
399 447 583 480 necessaria
609 457 665 481 est.
723 447 811 481 Cum
837 456 948 480 autem
973 449 1185 480 confractum

50 509 153 543 fuerit
177 523 214 542 ac
238 509 437 549 resolutum,
463 518 494 542 et
517 508 770 542 resurrectionis
794 518 950 552 tempore
978 501 1186 553 incorrupti—

47 571 116 604 bile
140 584 178 603 ex
203 570 417 615 corruptibili
440 570 623 612 redditum,
647 581 747 616 atque
771 583 809 604 ex
833 569 970 603 animali
993 569 1183 615 spirituale:

47 646 120 665 non
143 631 211 678 jam
235 633 354 666 labore
377 632 586 674 afflictionis,
617 646 681 667 nec
711 631 931 667 abstinentiae
962 631 1186 674 castigatione,

47 695 106 727 sed
123 693 156 737 ¹)
180 695 339 738 qualitate
363 694 477 738 sui‚2)
509 695 603 728 nulla
634 693 700 739 jam
732 693 870 739 corpori
901 695 1095 738 corruptela
1119 695 1183 727 do-

44 755 241 789 minabitur.
294 755 351 789 Sic
382 769 460 798 ergo
494 765 526 788 et
554 769 646 788 nunc
675 757 861 789 necessaria
883 754 1104 789 abstinentiae
1129 768 1182 786 ra-

43 817 90 850 tio
114 817 256 857 videtur,
280 826 312 850 et
335 819 556 861 postmodum
580 831 652 850 non
677 819 882 862 quaerenda.
928 817 1046 850 Tertio
1070 826 1181 849 autem

43 879 121 911 loco
145 877 359 911 reconditum
391 878 427 911 in
457 878 496 912 iis
525 879 674 912 invenies
699 888 731 911 et
752 889 917 912 secretum
941 878 1180 925 mysteriorum

42 939 225 984 sapientiae
250 949 282 972 et
304 940 461 974 scientiae
485 941 552 973 Dei
575 954 728 980 sensum,
753 954 821 985 quo
845 940 1040 974 nutriantur
1064 949 1096 973 ct
1119 954 1180 984 pa—

40 1011 175 1035 scantur
206 1001 340 1035 animae
369 992 564 1036 sanctorum
594 1016 667 1036 non
696 1003 809 1036 solum
841 1002 876 1035 in
907 1002 1074 1046 praesenti
1104 1003 1180 1041 vita,

38 1065 97 1098 sed
131 1063 232 1096 etiam
260 1064 297 1097 in
321 1065 445 1099 futura.
500 1064 564 1097 Iste
595 1064 687 1097 enim
724 1073 772 1097 est
801 1064 1007 1109 pontificalis
1038 1066 1178 1102 fructus,

40 1126 82 1158 de
107 1138 176 1169 quo
200 1125 412 1170 promittitur
434 1124 531 1169 iis‚³)
558 1125 614 1169 qui
641 1125 791 1158 esuriunt
814 1135 846 1157 et
868 1125 984 1159 sitiunt
1006 1125 1176 1171 justitiam,

39 1186 202 1230 quoniam
233 1188 483 1220 saturabuntur.
543 1187 620 1219 Hoc
653 1186 753 1228 igitur
784 1187 890 1219 modo
924 1188 959 1219 in
994 1187 1176 1232 Scripturis

39 1248 198 1280 omnibus
232 1246 372 1290 triplicis
405 1245 505 1291 liujus
536 1247 738 1281 sacramenti
770 1247 855 1280 ratio
887 1250 1063 1292 percurrit.
1118 1249 1175 1282 Sic

36 1317 68 1340 et
91 1308 265 1352 Sapientia
289 1307 472 1351 monet,‘¹)
509 1317 546 1340 ut
570 1307 798 1340 describamus
824 1321 861 1340 ea
884 1309 985 1342 nobis
1007 1309 1043 1342 in
1069 1312 1174 1343 'cordc

34 1369 221 1414 tripliciter,
247 1370 289 1402 ad
315 1370 615 1413 respondendum,
638 1369 766 1413 inquit,
790 1370 932 1403 verbum
955 1371 1099 1405 veritatis
1122 1372 1173 1411 iis,

34 1431 93 1476 qui
116 1430 360 1475 proposuerint
383 1430 493 1463 nobis.
541 1430 596 1464 Sic
620 1439 686 1464 tres
708 1431 876 1475 puteos⁵)
899 1432 986 1465 fodit
996 1433 1087 1466 Isaac
1110 1448 1172 1479 pa-

30 1492 195 1526 triarcha:
221 1505 368 1537 quorum
393 1493 484 1525 solus
507 1491 564 1525 ille
588 1492 704 1525 tertius
730 1493 772 1526 ab
797 1506 838 1525 eo
857 1492 1004 1527 latitudo
1032 1496 1174 1529 velam-

31 1553 165 1599 plitudo
190 1553 398 1587 nominatur.
439 1553 531 1597 Quia
556 1563 668 1587 autem
692 1564 939 1588 sacramentum
961 1558 1171 1590 sacerdotale

31 1625 79 1648 est
100 1616 190 1658 virga
214 1615 328 1656 nucis,
364 1615 493 1649 idcirco
530 1616 679 1649 arbitror
708 1615 809 1649 etiam
843 1617 1086 1663 Jeremiam‚⁵)
1111 1619 1169 1663 qui

31 1686 101 1710 erat
124 1691 210 1711 unus
236 1678 279 1710 de
292 1677 526 1710 sacerdotibus
551 1690 589 1710 ex
606 1678 794 1718 Anathoth‚
818 1678 937 1712 vidisse
953 1679 1078 1722 virgam
1103 1694 1169 1713 nu·-

28 1751 142 1778 ceam,
166 1747 198 1770 et
220 1739 441 1783 prophetasse
464 1739 506 1772 de
531 1752 569 1773 ea
592 1739 668 1780 illa,
694 1753 781 1784 quae
803 1739 924 1784 scripta
948 1750 1027 1774 sunt
1049 1742 1100 1774 vel
1126 1743 1168 1775 de

27 1799 117 1842 virga
140 1813 266 1840 nucea,
299 1801 349 1833 vel
374 1802 416 1834 de
439 1801 566 1841 lebete,
597 1800 666 1835 sive
698 1802 741 1834 de
765 1801 833 1835 olla
858 1815 1035 1835 succensa:
1071 1803 1165 1847 quasi

121 1927 155 1971 ¹)
182 1926 293 1960 Codd.
307 1927 535 1968 Ebroicensis,
558 1928 770 1961 Belvacensis
789 1938 820 1960 et
836 1927 1062 1962 Turonensis:
1085 1931 1164 1968 „sed

27 1971 185 2016 qualitate
214 1972 266 2005 sui
295 1972 389 2006 nulla
420 1972 489 2018 jam
523 1973 663 2018 corpori
693 1973 908 2018 corruptibili
932 1975 984 2006 lex
1007 1974 1165 2008 domina-

25 2016 149 2049 bitur.“
171 2017 214 2050 R.

116 2072 154 2117 ²)
179 2073 284 2106 Deest
297 2073 391 2114 ‚‚sui“
404 2072 440 2105 in
455 2074 528 2106 sola
546 2074 598 2107 ed.
616 2073 733 2114 Ruaei‚
747 2082 850 2107 exstat
865 2073 957 2108 idem
971 2074 1006 2108 in
1025 2076 1101 2109 edd.
1113 2076 1161 2109 M.

112 2127 153 2172 ³)
178 2127 248 2162 Cfr.
273 2128 392 2161 Matth.
417 2128 460 2168 V,
482 2129 513 2164 6.
611 2128 646 2173 ⁴)
671 2129 772 2163 Prov.
796 2129 856 2170 III,
878 2133 910 2168 1.
933 2143 1025 2176 seqq.

117 2182 152 2227 ⁵)
178 2183 248 2217 Cfr.
275 2183 398 2219 Genes.
424 2185 553 2225 XXVI,
578 2186 630 2219 15.
653 2198 745 2231 seqq.

115 2239 152 2279 ⁶)
178 2239 248 2273 Cfr.
272 2239 399 2274 Jerem.
426 2240 449 2280 l,
474 2245 504 2277 1.
530 2242 584 2276 11.
606 2255 677 2286 sqq.
