1427 2460
217 55 284 91 192
698 55 876 89 Omenms

216 147 298 189 mis,
320 146 392 192 ipsa
416 145 518 179 nobis
541 144 620 179 fecit
643 145 726 179 haec
756 146 878 179 mala.“
925 143 1085 189 Denique
1116 145 1152 181 in
1180 145 1350 190 sequenti—

215 210 279 242 bus
303 209 467 241 refertur:
492 207 593 248 „et¹)
618 220 696 240 cum
719 206 968 252 imposuissent,
991 206 1112 251 inquit,
1136 219 1249 241 arcam
1273 207 1350 241 Do-

216 269 301 303 mini
324 281 426 313 super
449 280 595 307 carrum,
619 267 816 301 direxerunt
838 269 941 302 boves
965 268 1001 302 in
1024 270 1086 308 via,
1111 278 1229 302 contra
1252 268 1352 309 viam,

217 340 304 375 quae
328 330 421 363 ducit
443 328 652 369 Bethsamis,
687 339 719 362 et
742 342 815 362 non
840 329 1096 363 declinaverunt
1120 332 1165 365 ad
1188 332 1351 371 dextram,

217 402 276 426 aut
311 391 400 436 ad2)
432 391 633 425 sinistram.“
691 390 777 434 Quis
809 403 888 433 ergo
912 391 949 424 in
972 390 1086 436 his,³)
1122 393 1149 426 si
1173 392 1352 436 diligenter

216 453 438 499 inspiciat‚⁴²)
474 452 730 497 praescientiam
760 453 866 493 hanc,
915 466 1001 498 quae
1034 454 1076 487 de
1107 454 1215 487 boum
1260 453 1350 486 dire-

220 516 333 549 ctione
357 515 530 561 praedicta
557 525 621 555 est,
659 515 710 548 vel
735 513 912 548 fortuitam
937 516 1042 555 dicat,
1066 516 1118 548 vel
1143 516 1257 560 aliqua
1280 524 1352 548 arte

217 576 460 621 compositam,
492 586 523 609 et
551 589 623 608 non
658 576 856 621 operatione
880 577 1027 621 quadam
1052 578 1261 610 daemonum
1284 575 1351 609 mi-

216 638 408 678 nistratam,
442 637 500 682 qui
531 637 770 682 pertimuerint
794 651 892 672 arcae
916 639 1060 672 Domini
1087 637 1259 671 virtutem:
1285 650 1351 683 qua

217 714 288 733 non
315 701 426 733 solum
454 698 707 742 affligebantur,
746 709 779 733 et
801 701 1035 745 puniebantur
1059 699 1257 746 Allophyli‚
1293 712 1350 733 ve-

217 775 294 795 rum
328 771 360 794 ct
390 763 499 795 cultus
532 762 603 806 ipse
634 762 843 795 daemonum
876 764 1130 802 destruebatur,
1162 770 1283 806 utpote
1306 760 1352 795 si-

217 823 376 857 mulacris
401 836 538 864 eorum,
563 823 784 869 templisque,
808 825 851 857 ad
875 824 1061 865 ingressum
1085 836 1184 862 arcae
1207 823 1352 857 Domini

218 885 482 920 corruentibus?
551 885 612 919 Est
652 898 731 928 ergo
775 886 849 919 talis
887 886 1053 930 quaedam
1089 885 1125 918 in
1161 883 1375 919 ministerio-

215 947 457 992 praescientiae
490 947 643 992 operatio
677 948 905 988 daemonum,
941 960 1029 992 quae
1059 947 1186 980 artibus
1210 947 1350 991 quibus-

218 1009 296 1041 dam
322 1009 364 1041 ab
388 1008 444 1048 iis,
477 1008 535 1053 qui
557 1021 592 1042 se
618 1009 842 1042 daemonibus
866 1008 1148 1054 mancipaverint,
1172 1008 1352 1051 colligitur,

217 1079 250 1103 et
280 1083 372 1102 nunc
404 1083 466 1114 per
499 1083 570 1110 eas,
605 1083 688 1115 quas
718 1080 824 1104 sortes
855 1070 1054 1110 nominant,
1088 1081 1182 1103 nunc
1210 1082 1272 1114 per
1303 1081 1351 1108 ea,

217 1144 305 1176 quae
338 1131 475 1174 auguria
507 1131 699 1176 appellant,
741 1145 834 1165 nunc
866 1131 966 1165 eu‘am
999 1145 1037 1165 ex
1061 1130 1352 1176 contemplatione

218 1193 402 1233 fibrarum,
428 1206 515 1238 quae
540 1193 709 1239 extispicia
733 1203 874 1233 vocant,
908 1193 1047 1245 aliisque
1077 1193 1202 1226 horum
1234 1191 1353 1226 simili—

219 1256 282 1288 bus
313 1255 498 1300 praestigiis
533 1255 781 1300 comprehendi
812 1256 961 1297 videtur,
995 1265 1028 1288 et
1051 1255 1202 1297 intelligi.
1251 1253 1351 1298 Quae

218 1325 304 1350 artes
328 1316 363 1350 in
395 1326 526 1350 tantum
559 1319 602 1350 ad
627 1317 868 1362 decipiendum
903 1330 1005 1360 genus
1029 1316 1209 1349 hominum
1233 1316 1353 1360 profe-

218 1387 357 1418 cerunt,
394 1387 430 1410 ut
461 1377 560 1410 etiam
589 1377 759 1424 justissimi
790 1378 954 1410 Ezechiae
984 1377 1074 1410 filius
1105 1377 1261 1411 Ma'nasse
1282 1378 1352 1410 hoc

218 1452 335 1473 errore
351 1439 522 1483 deceptus,
545 1438 782 1479 aedificaverit,
805 1447 844 1471 ut
867 1438 1043 1483 Scriptura
1068 1438 1159 1478 dicit,
1183 1438 1351 1482 „altare⁵)

219 1500 314 1534 omni
345 1499 502 1533 exercitui
535 1501 623 1533 coeli
653 1500 689 1533 in
721 1509 865 1545 utraque
889 1501 996 1533 domo
1021 1499 1200 1533 Domini.“
1247 1498 1351 1534 Hunc

219 1571 332 1595 autem
356 1574 425 1594 esse
457 1561 604 1594 arbitror
627 1561 809 1595 exercitum
835 1562 940 1602 coeli,
976 1574 1077 1606 quem
1101 1561 1227 1595 Paulus
1249 1561 1351 1606 spiri-

219 1622 326 1657 tuales
367 1622 533 1667 nequitias
564 1621 599 1655 in
638 1623 839 1657 coelestibus
878 1623 1005 1668 positas
1034 1621 1174 1668 scripsit.
1189 1622 1226 1668 ⁶)
1276 1623 1352 1656 Nisi

219 1698 298 1728 ergo
328 1685 476 1718 multum
492 1684 526 1717 in
553 1685 592 1718 iis
617 1684 742 1719 artibus
768 1695 800 1718 et
823 1684 1030 1730 deceptionis
1055 1693 1139 1718 esset
1163 1694 1195 1717 et
1217 1684 1351 1724 erroris,

217 1760 290 1780 non
321 1756 405 1792 puto
431 1745 513 1779 tanti
537 1745 598 1779 viri
621 1746 730 1780 filium
761 1747 797 1780 in
819 1747 892 1789 lege
916 1745 1063 1779 Domini
1086 1746 1284 1786 educatum,
1313 1745 1350 1778 in

218 1808 291 1841 illas
314 1807 503 1853 impietates
526 1808 676 1853 potuisse
700 1821 870 1848 corruere,
895 1820 982 1852 quae
1004 1807 1041 1841 in
1065 1816 1186 1852 quarto
1211 1806 1349 1850 Regno-

313 1920 349 1963 ¹)
371 1919 387 1952 I
412 1918 503 1953 Sam.
528 1919 586 1960 VI,
609 1920 662 1954 11.
688 1919 740 1953 12.
765 1919 799 1965 (Ι
822 1918 942 1963 Regg.)

311 1975 348 2019 2)
372 1975 477 2008 Deest
499 1977 586 2017 ,‚ad“
612 1977 648 2009 in
673 1976 749 2009 edd.
775 1975 823 2009 M.

311 2029 350 2074 ³)
373 2030 463 2064 Edd.
489 2031 646 2065 Merlini:
669 2032 718 2065 iis.

310 2084 348 2128 ⁴)
373 2085 430 2118 Sic
454 2096 544 2137 recte
569 2087 672 2121 habet
695 2086 782 2120 Cod.
808 2086 1034 2133 Corbejensis.
1082 2085 1172 2126 Alias
1195 2086 1243 2130 (ν.
1269 2098 1296 2117 c.
1311 2084 1346 2117 in

218 2130 296 2163 edd.
321 2130 410 2174 M.):
437 2131 669 2176 „1nspiciens.“
693 2133 733 2165 R.

313 2186 348 2227 5>
375 2184 444 2217 Csr.
471 2186 502 2217 ll
522 2186 622 2230 Regg.
646 2187 741 2228 XXI,
765 2188 796 2221 5.
821 2186 886 2231 (IV
911 2185 1031 2229 Regg.)

312 2241 349 2283 ⁶)
373 2240 497 2285 Ephes.
523 2242 579 2282 VI,
605 2243 657 2275 12.

1390 0 1397 60 v...-

1403 2109 1409 2131 Ι
