1427 2460
378 87 414 111 m
438 78 614 111 Nummos
637 74 797 109 ΗοΜιιιΑ
813 76 924 111 XXV,
1147 80 1214 114 315

84 165 210 211 aliquid
233 167 375 199 audeam
392 164 504 198 dicere
527 166 713 198 secundum
734 166 921 212 scripturae
938 166 1070 200 divinae
1090 177 1208 201 aucto-

86 228 236 268 ritatem,
268 227 398 266 omnis,
425 226 482 271 qui
506 226 621 260 exierit
647 227 688 260 de
713 227 777 261 hac
800 228 885 267 vita,
917 242 989 261 non
1011 238 1122 274 potest
1145 243 1214 263 esse

56 332 59 335 Ι
86 291 243 322 mundus.
280 288 467 321 Considera
484 289 572 321 enim
590 287 775 328 diligenter,
801 289 883 333 quid
906 290 1032 324 indicet
1054 291 1214 325 historiae

84 360 197 384 textus.
251 349 414 382 Exierunt
443 348 494 381 isti
524 362 675 393 pugnare
698 363 761 394 pro
787 350 862 383 filiis
885 351 1006 391 Israel,
1035 351 1213 386 interfece-

84 421 163 445 runt
185 411 405 444 Madianitas:
438 410 674 444 interficientes
710 420 822 444 autem
860 424 928 452 eos,
967 422 1130 458 quantum
1168 415 1213 447 ad

84 472 243 506 historiae
281 472 436 505 ordinem
469 481 612 516 spectat,
648 481 679 504 et
713 471 844 505 literam
879 474 977 516 legis,
1011 475 1214 519 placuerunt

86 535 178 575 Deo;
210 535 417 567 voluntatem
448 546 595 578 namque
625 533 692 566 Dei
723 534 964 579 impleverunt:
1002 545 1114 569 tamen
1147 537 1213 570 hoc

82 594 177 640 ipso,
207 596 302 640 quod
332 594 574 627 interfecerunt
598 595 824 636 adversarios,
856 596 1025 630 immundi
1056 597 1214 631 dicuntur

84 656 206 697 effecti,
231 666 262 690 et
284 666 465 701 propterea
490 656 614 689 dicitur
637 658 679 689 ad
703 670 777 690 eos:
802 667 857 699 „et
882 658 915 701 ¹)
939 657 1091 691 lavabitis
1114 659 1213 692 vesti-

82 727 195 751 menta
220 728 324 751 vestra
351 718 405 750 die
428 718 586 762 septima,
627 726 657 750 et
686 718 806 751 mundi
832 718 937 757 eritis,
975 728 1008 751 et
1031 728 1107 763 post
1131 720 1214 754 haec

83 779 265 813 introibitis
289 780 323 812 in
349 783 486 812 castra.“
533 779 623 821 Ergo
643 779 686 818 hi,
712 780 770 823 qui
793 789 955 824 pugnant,
979 794 1043 825 pro
1061 795 1102 814 eo
1127 781 1214 826 ipso,

84 842 178 886 quod
203 841 417 882 contigerunt
441 840 551 873 hostes
576 840 783 880 immundos,
809 850 839 873 et
857 842 952 886 qnod
976 841 1111 884 ingressi
1134 852 1213 876 sunt

84 912 201 935 contra
226 915 300 941 eos,
326 911 356 934 et
380 901 561 933 habuerint
588 915 664 934 cum
692 901 729 934 iis
755 911 941 942 certamen,
973 904 1098 948 polluti
1122 915 1213 940 sunt.

81 964 127 997 Et
151 976 212 1005 ego
237 976 336 1004 ergo,
367 962 496 996 etiamsi
523 963 655 995 vincere
684 972 830 1007 potuero
856 963 1048 1006 diabolum,
1089 967 1215 1000 etiamsi

84 1025 302 1067 cogitationes
326 1025 518 1057 immundas
543 1034 573 1057 et
597 1024 714 1063 malm,
739 1038 819 1069 quas
841 1026 936 1058 cordi
961 1025 1038 1059 meo
1062 1028 1215 1069 suggerit,

82 1088 134 1128 vel
158 1087 323 1131 repellere
346 1087 531 1124 venientes,
562 1086 613 1117 vel
638 1085 799 1127 ingressas
824 1100 943 1119 necare
967 1089 1053 1121 intra
1077 1102 1149 1129 me,
1170 1103 1215 1123 ne

86 1150 128 1181 ad
154 1150 310 1181 effectum
336 1146 543 1191 perveniant,
568 1146 718 1191 quivero,
745 1157 776 1179 et
793 1148 819 1180 si
845 1148 973 1180 calcare
995 1149 1139 1193 potuero
1159 1164 1214 1184 ca-

84 1218 148 1255 put
171 1209 348 1248 draconis,
385 1209 452 1241 hoc
480 1208 553 1253 ipso
586 1217 698 1240 tamen
730 1209 839 1253 pollui
874 1222 946 1248 me,
981 1219 1013 1243 et
1044 1210 1215 1255 inquinari

83 1284 218 1305 necesse
242 1280 298 1310 est,
322 1283 391 1315 quo
418 1283 506 1309 eum,
527 1269 584 1314 qui
607 1270 768 1314 pollutus,
795 1280 824 1302 et
841 1270 1036 1314 inquinatus
1050 1281 1106 1312 est,
1130 1286 1214 1306 con-

82 1333 160 1375 tigi:
195 1341 226 1365 et
257 1344 315 1364 ero
341 1330 478 1375 quidem
511 1332 646 1369 beatus,
681 1332 775 1375 quod
806 1345 882 1364 eum
916 1346 1076 1376 superare
1107 1334 1216 1378 potui,

84 1394 281 1428 immundus
304 1402 417 1425 tamen
441 1405 527 1431 sum,
552 1401 584 1424 et
607 1392 771 1436 pollutus,
796 1394 853 1438 qui
876 1394 1048 1439 pollutum
1072 1395 1216 1438 contigi:

85 1465 118 1490 et
141 1456 186 1489 ob
212 1455 280 1488 hoc
303 1452 542 1499 purificatione
565 1466 658 1494 egeo.
717 1454 849 1488 Idcirco
883 1455 1046 1489 nimirum
1071 1466 1102 1489 et
1125 1457 1217 1490 Scri-

85 1527 185 1562 ptura
221 1515 322 1557 dicit,
358 1514 437 1558 quia
469 1528 601 1555 „nemo
625 1515 662 1559 ⁴²)
686 1516 833 1549 mundus
857 1529 876 1549 a
899 1518 1041 1551 sorde.“
1089 1518 1218 1553 Omnes

86 1592 165 1621 ergo
187 1577 425 1623 purificatione
440 1576 640 1619 indigemus,
663 1576 733 1610 imo
751 1578 1054 1622 purificationibus.
1086 1580 1217 1614 Multae.

86 1640 176 1674 enim
199 1649 232 1672 et
256 1638 410 1678 diversae,
427 1652 489 1672 nos
513 1647 652 1672 manent
675 1638 937 1683 purificationes.
986 1641 1054 1674 Sed
1080 1642 1218 1689 mystica

85 1704 169 1736 haec
192 1710 270 1735 sunt
293 1710 325 1733 et
353 1699 550 1733 ineffabilia.
604 1699 689 1744 Quis
723 1701 811 1733 enim
844 1702 944 1734 nobis
971 1716 1126 1735 enarrare
1150 1717 1215 1748 po-

85 1764 180 1803 terit,
216 1775 303 1807 quae
325 1762 392 1795 sint
415 1761 684 1806 purificationes,
716 1775 802 1806 quae
825 1773 987 1806 parentur
1011 1763 1138 1804 Paulo,
1167 1767 1218 1798 vel

85 1826 201 1864 Petro,
224 1825 276 1858 vel
300 1822 371 1856 aliis
396 1823 518 1856 horum
542 1823 717 1862 similibus,
742 1823 800 1867 qui
824 1833 952 1856 tantum
977 1836 1219 1868 pugnaverunt,

86 1896 138 1920 tot
162 1895 272 1929 gentes
303 1886 463 1917 barbaras
489 1886 704 1923 deleverunt,
734 1894 786 1918 tot
817 1885 926 1918 hostes
957 1897 1218 1930 prostraverunt,

86 1958 178 1982 tanta
201 1939 329 1992 spolia,
352 1956 404 1979 tot
427 1946 620 1990 triumphos
645 1956 824 1990 ceperunt,
858 1947 916 1991 qui
942 1948 1087 1982 cruentis
1110 1949 1220 1982 mani-

87 2011 150 2043 bus
174 2010 217 2042 de
241 2009 343 2054 caede
367 2008 512 2041 hostium
539 2009 692 2047 redeunt,
717 2021 863 2052 quorum
888 2021 946 2054 pes
969 2008 1091 2043 tinctus
1115 2020 1161 2045 est
1183 2010 1218 2043 in

184 2198 219 2241 ι)
244 2199 344 2231 Num.
370 2197 501 2237 XXXI,
524 2199 577 2232 24.

181 2252 219 2297 2)
241 2252 322 2286 Job.
347 2253 440 2294 xlv,
463 2255 494 2287 4.
