1427 2460
207 109 276 144 306
693 105 871 140 Omenms

210 208 282 233 tum
311 197 411 238 fidei,
443 197 478 230 in
502 209 571 241 quo
598 196 706 240 {ossis
731 195 845 229 omnia
870 195 981 242 jacula
1004 193 1144 236 maligni
1167 193 1270 236 ignita
1293 206 1347 228 ex-

209 260 386 302 stinguere.
433 257 575 291 Talibus
605 257 695 291 enim
719 258 900 292 instructus
926 257 1027 291 armis
1050 256 1204 291 universa
1228 256 1349 289 diabo-

211 323 276 356 lica
308 330 430 360 castra,
463 333 673 364 omnemque
707 319 777 366 ejus
812 321 942 362 fugabis
975 319 1178 359 exercitum,
1212 327 1246 352 et
1274 332 1351 352 cum

212 382 338 417 fiducia
371 382 539 415 cantabis:
575 382 621 421 „si
640 382 676 422 ¹)
717 382 902 416 consistant
940 382 1118 414 adversum
1149 394 1203 414 me
1235 390 1351 422 castra,

211 458 284 479 non
313 444 444 479 timebit
477 457 538 477 cor
570 457 704 477 meum:
734 443 761 477 si
783 443 931 486 insurgat
953 443 989 476 in
1016 456 1072 476 me
1095 443 1287 488 proelium,
1314 442 1350 476 in

212 507 281 540 hoc
313 519 374 549 ego
398 506 579 552 sperabo.“
628 505 908 547 Congrediuntur
935 518 1013 548 ergo
1038 505 1221 539 duodecim
1246 504 1353 538 millia

213 570 390 602 adversum
420 566 641 609 Madianitas,
685 577 717 600 et
731 567 768 612 ²)
798 567 1050 607 ‚,interficiunt,
1089 566 1214 612 inquit,
1249 579 1352 600 omne

213 630 439 664 masculinum
471 642 612 670 eorum,
644 638 677 662 et
710 641 802 671 reges
829 642 967 669 eorum,
999 638 1031 662 et
1052 628 1212 668 Balaam,
1241 628 1351 661 filium

213 692 318 733 Beor,
340 692 585 726 interfecerunt
608 691 721 734 gladio
749 705 826 724 cum
850 692 988 737 reliquis
1003 690 1184 724 vulneratis
1200 693 1354 724 eorum.“

214 755 322 805 Quod
352 754 389 787 in
417 753 652 798 superioribus
684 755 949 798 quaerebamus,
979 753 1159 798 quomodo
1194 753 1238 786 de
1262 751 1353 785 Scri-

213 816 321 862 pturis
336 815 480 861 probari
496 815 612 860 possit,
634 814 775 849 Balaam
801 814 944 848 consilio
968 815 1170 848 subornatas
1189 803 1258 848 esse
1277 827 1352 847 mu-

214 877 313 911 lieres
330 876 617 917 madianitarum,
645 890 731 922 quae
756 878 952 922 deciperent
973 875 1063 910 filios
1087 877 1190 910 Israel
1215 877 1259 909 ad
1279 877 1353 909 for-

213 940 410 979 nicandum,
432 951 591 984 praesens
614 939 670 972 hic
695 939 893 984 Scripturae
918 939 1016 972 locus
1042 938 1215 983 evidenter
1241 947 1354 972 osten-

215 1002 282 1042 dit,
310 1000 425 1034 dicens
454 1013 532 1034 eum
566 1010 757 1045 peremtum
792 1014 860 1034 esse
891 1000 1022 1043 gladio,
1054 1001 1143 1033 velut
1176 1010 1351 1034 auctorem

213 1062 382 1102 scandali,
415 1062 510 1107 quod
534 1062 722 1096 immissum
749 1073 796 1096 est
820 1063 896 1096 filiis
920 1063 1036 1096 Israel.
1082 1061 1217 1096 Dicitur
1241 1071 1352 1095 autem
1374 1059 1378 1062 ’

212 1125 256 1158 de
288 1137 329 1157 eo
372 1133 404 1157 et
434 1124 470 1156 in
495 1123 714 1168 sequentibus
749 1124 860 1157 adhuc
895 1124 1081 1158 evidentius
1112 1124 1180 1157 hoc
1224 1125 1350 1157 modo:

213 1195 275 1228 „et
291 1185 328 1231 ³)
359 1186 405 1219 ait
435 1186 478 1218 ad
509 1197 566 1218 eos
590 1185 725 1219 Moses:
767 1199 828 1218 cur
857 1185 965 1218 vivam
997 1185 1185 1220 reservastis
1213 1198 1352 1218 ornnem

213 1246 404 1282 seminam?
450 1247 546 1292 Ipsae
575 1248 667 1281 enirn
691 1256 788 1287 sunt,
819 1259 905 1292 quae
927 1246 1016 1280 filios
1039 1247 1140 1281 lsrael
1163 1248 1352 1281 secundum

213 1312 356 1343 verbum
383 1308 526 1343 Balaam
559 1318 728 1354 apostatas
763 1310 949 1342 fecerunt.“
1007 1309 1263 1344 Interficiuntur
1293 1322 1352 1342 au-

212 1382 280 1405 tem
314 1381 346 1405 et
377 1383 469 1413 reges
495 1370 783 1411 Madianitarum,
814 1380 915 1415 atque
938 1370 1005 1410 illi,
1031 1371 1088 1416 qui
1111 1370 1207 1416 prius
1233 1385 1250 1404 a
1277 1385 1351 1404 mu-

212 1433 352 1467 lieribus
375 1433 452 1466 victi
481 1441 577 1472 sunt,
606 1446 700 1465 nunc
725 1431 915 1477 expiatione
939 1432 1070 1472 habita,
1095 1441 1128 1465 et
1150 1441 1239 1474 gesta
1264 1446 1350 1477 poe-

212 1495 364 1534 nitentia,
388 1494 488 1527 etiam
513 1506 605 1536 reges
629 1494 778 1528 vincunt.
824 1494 875 1526 Ex
893 1494 961 1526 hoc
979 1492 1216 1536 intelligamus,
1241 1508 1349 1540 quan-

212 1566 284 1590 tum
308 1556 419 1589 valeat
449 1555 625 1589 conversio
658 1556 701 1588 ad
732 1555 864 1595 Deum,
897 1563 1062 1600 quantum
1095 1555 1204 1600 prosit
1234 1570 1348 1591 emen-

213 1618 305 1652 datio
330 1626 561 1664 peccatorum.
609 1616 725 1650 Omne
747 1616 995 1657 masculinum,
1021 1629 1141 1650 omnes
1163 1631 1257 1661 reges
1272 1619 1349 1653 Ma-

212 1679 418 1714 dianitarum
442 1678 645 1719 vincuntur,
670 1688 702 1711 et
724 1678 942 1723 perimuntur
963 1678 1006 1711 ab
1030 1677 1080 1719 iis,
1104 1679 1162 1723 qui
1189 1693 1251 1725 per
1275 1694 1351 1715 cor-

212 1741 402 1788 reptionem
436 1739 598 1781 Domini,
636 1750 668 1774 et
696 1754 758 1786 per
789 1750 962 1783 gestorum
991 1740 1238 1785 poenitentiam
1272 1757 1349 1777 cor-

213 1803 301 1850 repti
322 1813 415 1844 sunt,
441 1812 473 1836 et
496 1802 678 1838 emendati.
725 1801 889 1854 Quinque
918 1815 997 1845 ergo
1027 1815 1120 1845 reges
1144 1803 1349 1839 Madianita-

213 1880 290 1900 rum
313 1866 507 1899 referuntur
531 1866 574 1898 ab
599 1864 786 1898 Israeliticis
810 1863 975 1898 militibus
999 1864 1157 1908 superati.

302 1928 335 1963 3.
365 1927 435 1961 Sed
471 1936 502 1960 et
533 1927 676 1960 nomina
701 1939 821 1960 eorum
844 1939 946 1960 curae
968 1925 1032 1960 fuit
1054 1925 1241 1970 scripturae
1265 1928 1350 1962 divi-

211 2002 276 2023 nae
304 2001 500 2022 memorare
515 1987 562 2033 ⁴²).
615 1987 747 2029 „Evin‚
767 1988 804 2033 ⁶)
834 1987 961 2033 inquit,
991 1997 1023 2022 et
1045 1987 1187 2029 Rodon,
1217 1998 1248 2022 et
1271 1990 1349 2030 Sur,

305 2080 342 2123 ¹)
365 2079 479 2114 Psalm
503 2077 633 2117 XXVI,
656 2078 688 2112 3.
783 2077 820 2122 ²)
847 2078 949 2111 Num.
972 2075 1103 2117 XXXI,
1129 2077 1157 2111 7.
1181 2075 1213 2111 8.

301 2136 338 2179 ³)
361 2138 463 2170 Num.
487 2133 617 2173 XXXI,
641 2134 693 2168 15.
719 2134 772 2168 16.

302 2191 340 2236 ⁴)
362 2191 443 2224 Mss.
476 2194 723 2229 ‚‚memorare.“
771 2189 864 2223 Libri
897 2188 976 2223 editi
1012 2188 1059 2234 (v.
1093 2201 1120 2221 c.
1153 2189 1229 2223 edd.
1260 2188 1346 2234 M.:)
1391 2201 1398 2212 ¹

207 2235 447 2280 ,.memorari.¹‘
469 2234 509 2267 R.

300 2293 337 2336 ε)
361 2289 605 2329 Νυω,ΧΧΧΙ,
628 2289 658 2325 8.
677 2309 717 2315 -
743 2289 980 2323 Edd.Mer1ini
997 2299 1208 2325 constanter:
1225 2290 1345 2325 Evvin.
1396 2271 1398 2274 ’
