1427 2460
353 70 388 94 m
406 59 585 93 Nummos
602 56 762 89 Humum
794 56 886 89 XVI.
1132 51 1197 86 189

163 153 195 188 6.
217 149 457 195 ,,1)οωί1]υὲ1)
480 150 575 182 Deus
597 159 676 180 suus
700 159 775 178 cum
799 145 885 190 ipso,
906 143 1078 189 praeclara
1102 145 1196 188 prin-

76 215 190 260 cipum
214 226 290 246 cum
315 212 389 256 ipso
414 214 523 243 sunt.“
570 209 755 252 Nunquam
780 206 869 240 enirn
889 207 992 239 Israel
1014 219 1113 239 suum
1139 205 1199 237 ‹le-

64 276 154 311 ,serit
185 275 288 307 Deus.
343 272 503 315 Quorum
536 279 647 303 autern
681 268 874 314 principum
909 267 1082 313 praeclara
1120 280 1198 300 cum

77 337 151 381 ipso
174 336 276 370 Israel
302 334 377 373 sint,
400 332 582 365 videamus.
629 331 806 364 Praeclara
821 330 1027 375 principum,
1050 327 1197 373 potestas

77 405 142 436 est,
176 394 386 440 principatus
421 403 452 426 et
486 406 637 436 regnum.
697 392 823 424 Verum
871 391 1034 436 quoniam
1064 399 1143 423 sunt
1167 399 1199 422 et

77 454 179 500 aliqui
203 455 392 501 principes,
416 454 474 500 qui
498 456 541 488 de
563 452 755 499 principatu
778 466 859 492 suo,
884 453 935 485 vel
958 451 1126 496 pellendi,
1149 451 1199 484 vel

75 515 142 561 jam
165 517 254 550 forte
278 516 408 561 depulsi
431 526 526 557 sunt,
564 525 596 549 et
626 515 663 548 in
688 516 802 548 locum
827 527 864 547 ac
888 513 1114 558 principatum
1140 525 1201 546 eo-

77 591 152 610 rum
176 577 419 612 introducendi
441 577 482 619 ii,
517 576 575 622 qui
597 589 672 610 vere
702 575 872 610 Israelitae
900 584 995 614 sunt,
1027 575 1201 619 praeclara

77 637 134 671 illa
160 639 292 679 omnia,
324 652 411 684 quae
443 640 635 672 habuerunt
665 638 701 671 in
726 637 828 671 coelis
850 637 899 670 illi
923 636 1112 680 principes,
1144 635 1202 680 qui

77 712 150 732 non
179 711 392 734 servaverunt
428 701 657 746 principatum
694 712 810 738 suum,
851 699 911 732 sed
950 697 1203 742 dereliquerunt

34 750 38 753 ‚
79 770 215 795 aeterna
249 761 436 802 domicilia,
471 762 573 795 Israel
608 762 669 795 iste
694 769 726 793 et
757 760 886 801 Jacob,
922 757 980 803 qui
1004 759 1204 792 colluctatus

79 831 128 855 est
160 832 191 855 et
221 822 315 863 vicit,
349 821 506 868 accipiet,
544 832 575 855 et
606 822 653 856 sic
685 835 762 855 cum
793 820 866 866 ipso
901 830 1000 853 erunt
1030 820 1205 864 praeclara

79 883 288 928 principum.
334 883 516 928 ‚,Deus‚²)
542 883 600 929 qui
625 882 738 917 eduxit
761 896 840 916 eum
863 895 901 915 ex
926 884 1096 928 Aegypto,
1119 880 1205 915 sicut

81 945 186 988 gloria
224 944 397 979 unicornis
428 946 488 980 ei.“
542 945 695 978 Eductus
721 953 768 978 est
790 945 848 978 ille
874 943 1012 988 quidem
1036 943 1139 976 Israel
1163 943 1205 976 de

81 1007 234 1054 Aegypto
266 1006 328 1040 ista
358 1016 509 1048 terrena,
554 1006 609 1040 hie
650 1015 763 1039 autem
801 1004 982 1050 spiritualis
1022 1004 1123 1038 Israel
1163 1006 1205 1038 de

82 1070 236 1114 Aegypto
259 1067 402 1108 saeculi,
426 1077 457 1101 et
481 1068 524 1101 de
546 1076 713 1112 potestate
735 1067 972 1105 tenebrarum,
1009 1075 1040 1098 ct
1063 1075 1109 1099 est
1132 1066 1205 1108 glo-

82 1128 131 1161 ria
155 1128 225 1175 ejus
248 1138 410 1173 tanquam
424 1128 606 1162 unicornis.
659 1127 843 1162 Unicornis
864 1127 1002 1172 quidem
1017 1127 1124 1159 fertur
1139 1139 1207 1160 esse

83 1189 209 1223 animal
231 1202 273 1222 eo
299 1190 416 1222 habitu
440 1191 643 1228 formatum,
668 1202 736 1234 quo
762 1188 908 1222 nominis
931 1188 1035 1232 ipsius
1059 1188 1209 1230 designat

82 1250 256 1283 indicium.
315 1250 421 1294 Quod
453 1250 579 1284 animal
608 1252 804 1295 frequenter
835 1250 869 1282 in
893 1248 1064 1293 scripturis
1088 1249 1208 1283 divinis

83 1312 232 1356 positum
264 1311 421 1353 legimm,
450 1312 508 1344 sed
539 1310 721 1356 praecipue
751 1311 842 1355 apud
865 1311 985 1353 J0b3)
1015 1310 1082 1343 Dei
1105 1310 1208 1361 ipsiu)

81 1372 223 1406 vocibus
247 1371 396 1417 potentia
422 1370 491 1417 ejus
522 1381 555 1405 et
579 1372 682 1406 virtus
706 1372 903 1416 exponitur,
938 1371 974 1404 in
999 1372 1139 1416 quibus,
1173 1381 1210 1404 ut

84 1433 120 1466 in
152 1432 411 1479 quamplurimis
444 1432 597 1466 Christus
636 1432 834 1475 intelligitur
866 1432 1041 1475 designari.
1092 1433 1137 1465 Et
1173 1431 1208 1465 iu

83 1494 255 1539 scripturis
287 1493 406 1527 divinis
439 1507 546 1527 cornu
569 1508 633 1539 pro
658 1507 762 1536 regno
787 1494 936 1539 positum
959 1507 1059 1538 saepe
1082 1493 1210 1538 reperi-

86 1569 178 1596 mus,
207 1555 293 1590 sicut
326 1565 358 1588 et
381 1556 548 1600 propheta
574 1555 672 1590 dicit:
702 1565 872 1601 „quatuor
883 1554 920 1599 ⁴)
944 1565 1055 1588 autem
1081 1568 1209 1587 cornua

87 1626 232 1662 quatuor
264 1630 363 1659 regna
387 1621 495 1650 sunt.“
549 1616 621 1650 Sub
647 1616 787 1650 nomine
810 1617 923 1662 itaque
946 1615 1138 1656 unicornis,
1174 1614 1211 1647 in

90 1677 223 1711 Christo
249 1678 314 1710 hoc
339 1677 471 1710 videtur
495 1677 643 1718 ostendi,
668 1677 747 1722 quia
772 1691 874 1711 omne
898 1677 993 1722 quod
1016 1686 1080 1716 est,
1103 1689 1211 1709 unum

87 1737 159 1784 ejus
190 1751 299 1771 cornu
324 1748 390 1777 est,
425 1739 491 1771 hoc
516 1747 581 1778 est,
611 1753 718 1772 unum
743 1752 883 1781 regnum
909 1737 988 1784 ejus.
1037 1737 1161 1770 Omnia
1175 1737 1211 1780 ⁵)

89 1799 178 1832 enim
205 1808 301 1843 pater
322 1797 464 1843 subjecit
485 1801 547 1833 sub
571 1799 714 1844 pedibus
739 1799 826 1845 ejus,
862 1813 968 1845 usque
998 1812 1067 1843 quo
1092 1807 1124 1831 et
1146 1811 1210 1832 no·-

187 1962 221 2005 ¹)
247 1962 348 1994 Num.
373 1962 501 2001 XXIII,
527 1963 580 1998 21.

183 2017 222 2061 ²)
245 2017 348 2050 Num.
372 2016 501 2057 XXIII,
524 2017 578 2051 22.
611 2035 652 2041 —-
683 2017 773 2050 Edd.
797 2015 935 2051 Merlini
959 2016 991 2049 h.
1017 2028 1153 2060 quoque
1178 2015 1210 2055 l,²

91 2063 151 2095 cfr.
175 2074 250 2107 pag.
274 2062 350 2096 182.
374 2070 446 2095 not,
468 2063 500 2095 2.
526 2061 719 2101 „unicornis
744 2060 844 2106 ejus.“

183 2117 221 2162 ³)
247 2116 317 2151 Cfr.
343 2118 424 2150 Job.
449 2115 614 2156 XXXIX,
638 2117 669 2150 9.

183 2172 220 2218 ⁴)
245 2173 333 2207 Dan.
358 2172 446 2212 vlll,
469 2173 523 2206 22.

185 2228 221 2272 ⁵)
247 2227 260 2259 I
285 2227 364 2261 Cor.
388 2227 464 2268 XV,
487 2228 540 2261 27.
563 2227 616 2261 26.
