1427 2460
193 35 260 71 198
670 30 849 65 Omezms

195 124 343 164 tionem.
379 135 482 169 quam
513 121 597 164 gerit
626 121 664 154 in
694 134 765 167 spe.
832 119 1062 165 Comparatur
1092 120 1182 154 enim
1219 124 1332 157 catulo

195 185 323 225 leonis,
352 197 431 218 cum
455 184 566 218 tendit
587 184 629 216 ad
655 181 899 227 perfectionem
926 182 1050 222 laetus,
1080 192 1112 215 et
1135 183 1249 216 velox:
1284 185 1335 218 le—

196 248 256 282 oni
277 260 358 280 vero
384 246 570 284 confertur,
595 257 673 277 cum
694 243 763 289 jam
790 244 930 285 obtinet,
963 256 1050 288 quae
1073 245 1224 289 perfecta
1247 254 1335 279 sunt.

196 309 293 343 Sicut
317 307 408 342 enim
432 309 488 341 leo
516 316 547 339 et
571 306 702 339 catulus
726 305 835 338 leonis
859 305 995 339 nullum
1019 305 1164 347 animal,
1203 307 1336 340 nullam

195 370 338 403 bestiam
362 369 502 409 timent,
531 369 591 401 sed
614 376 693 402 sunt
715 366 755 400 iis
781 376 900 400 cuncta
932 366 1100 412 subjecta:
1132 369 1177 402 ita
1202 378 1234 402 et
1256 381 1338 413 per-

195 432 286 465 fecto
321 430 535 470 Christiano,
573 428 632 474 qui
669 426 758 461 tollit
789 441 925 462 crucem
959 443 1075 470 suam,
1113 440 1146 464 et
1185 430 1338 475 sequitur

198 492 392 532 Christum,
417 491 476 537 qui
499 500 610 536 potest
634 490 764 523 dicere:
796 491 945 534 ‚,mihi¹)
970 490 1060 524 enim
1083 492 1232 525 mundus
1259 505 1337 524 cru-

198 554 314 589 cifixus
340 564 406 593 est,
443 562 476 587 et
508 565 569 595 ego
595 552 780 585 mundo:“
820 561 942 586 cuncta
982 552 1174 592 calcantur,
1215 562 1338 586 cuncta

196 615 349 662 subjecta
379 624 468 649 sunt.
521 613 676 659 Despicit
700 612 791 647 enim
816 623 848 647 et
873 613 1061 647 contemnit
1085 614 1217 654 omnia,
1249 627 1338 658 quae

196 677 232 711 in
257 678 325 711 hoc
348 678 481 711 mundo
505 685 600 716 sunt,
639 684 671 709 et
693 674 844 709 imitatur
877 689 973 715 eum,
1010 675 1069 720 qui
1098 677 1153 709 leo
1179 677 1220 709 de
1245 675 1339 709 trihu

197 739 288 772 Juda
315 737 454 778 dicitur,
486 746 517 771 et
542 738 670 771 catulus
694 737 803 771 leonis
829 737 971 777 dicitur,
996 736 1073 782 quia
1097 737 1184 772 sicut
1206 738 1262 770 lux
1290 746 1339 771 est

197 800 334 841 mundi,
360 810 392 833 et
416 798 589 844 discipulis
612 799 678 833 suis
706 798 816 838 dedit,
840 808 878 831 ut
903 808 936 832 et
964 798 1028 843 ipsi
1053 807 1162 834 essent
1192 799 1249 832 lux
1273 799 1338 832 hu-

196 861 249 907 jus
279 862 418 902 mundi,
454 861 500 895 ita
532 869 564 893 et
599 874 676 893 cum
709 860 781 904 ipse
811 859 853 894 sit
883 861 961 900 leo,
999 870 1031 893 et
1064 861 1195 893 catulus
1219 860 1340 900 leonis,

198 923 413 956 credentibus
445 921 479 955 in
503 935 539 955 se
562 935 692 955 nomen
717 922 847 962 leonis,
889 931 920 954 et
946 919 1046 954 catuli
1078 921 1186 955 leonis
1211 921 1337 955 adscri-

197 984 271 1029 psit.
317 984 407 1017 Vide
431 993 561 1024 autem,
586 996 688 1028 quam
715 983 889 1017 evidenter
912 995 985 1015 non
1011 984 1054 1015 de
1076 982 1148 1023 illo,
1176 982 1234 1028 qui
1258 993 1340 1016 tunc

199 1055 286 1086 erat,
321 1046 474 1090 popule,
505 1045 565 1078 sed
590 1045 633 1077 de
657 1045 741 1083 hoc,
767 1045 826 1089 qui
849 1046 982 1077 futurus
1007 1053 1096 1083 erat,
1132 1045 1194 1078 ista
1219 1044 1340 1077 dieun-

197 1116 262 1140 tur.
311 1106 367 1139 Ait
392 1106 499 1139 enim:
524 1105 691 1150 „ecce,²)
716 1106 866 1150 populus
889 1106 976 1138 sicut
999 1106 1127 1139 catulus
1150 1106 1341 1139 leonisrex-

197 1177 321 1209 surget,
344 1177 377 1201 et
400 1169 488 1200 sicut
511 1167 565 1201 leo
593 1167 811 1202 exsultabit.“
859 1165 1145 1200 Exsul-recturum
1170 1167 1252 1201 dicit
1273 1181 1340 1213 po-

195 1230 320 1275 pulum
348 1228 485 1274 utique,
516 1228 574 1274 qui
600 1229 734 1262 futurus
767 1237 847 1262 erat.
894 1228 982 1261 Nam
1007 1228 1035 1261 si
1060 1230 1102 1262 de
1127 1242 1168 1263 eo
1201 1229 1340 1272 diceret,

197 1305 299 1336 quem
328 1291 482 1331 videbat,
518 1290 652 1324 dixisset
675 1290 749 1323 sine
774 1289 902 1322 dubio:
946 1302 1042 1330 ecce,
1077 1292 1228 1336 populus
1254 1291 1340 1324 sicut

198 1352 328 1387 catulus
359 1352 468 1386 leonis
506 1351 698 1385 exsurrexit.
753 1351 822 1384 Sed
849 1359 979 1384 certum
1006 1360 1069 1391 est,
1107 1352 1186 1396 quia
1210 1354 1253 1385 de
1277 1352 1338 1386 illo

195 1415 330 1459 populo
363 1413 470 1453 dicat,
508 1414 550 1446 de
585 1426 654 1457 quo
687 1411 723 1445 in
754 1411 891 1456 psalmis
929 1411 1094 1456 scriptum
1137 1422 1202 1446 est:
1235 1413 1338 1458 „et³)

196 1474 449 1508 annuntiabunt
484 1475 571 1508 coeli
609 1472 766 1519 justitiam
801 1471 872 1517 ejus
896 1474 1051 1518 populo,
1090 1473 1150 1518 qui
1173 1484 1340 1515 nascetur,

196 1550 299 1582 quem
314 1536 393 1569 fecit
412 1536 618 1569 Dominus.“
665 1535 725 1569 Est
750 1548 828 1578 ergo
854 1535 1004 1580 populus
1029 1535 1085 1568 hie
1113 1536 1242 1570 catulus
1265 1537 1339 1569 leo-

196 1598 267 1638 nis,
291 1599 373 1631 dum
399 1598 512 1631 adhuc
539 1597 751 1642 tanquam4)
775 1610 888 1641 nuper
912 1596 1013 1638 geniti
1039 1596 1202 1638 infantes,
1234 1597 1339 1631 ratio-

196 1659 311 1692 nabile
342 1668 375 1692 et
407 1659 478 1693 sine
510 1658 593 1692 dolo
626 1660 677 1691 lac
710 1658 872 1702 cupiunt:
917 1658 972 1691 leo
1009 1668 1123 1692 autem
1163 1660 1338 1700 exsultans,

198 1734 276 1754 curn
299 1721 351 1754 vir
372 1722 560 1766 perfectus,
587 1732 674 1765 quae
698 1720 834 1764 parvuli
859 1729 971 1759 erant,
996 1720 1164 1764 deposuit.

284 1781 315 1816 9.
359 1782 512 1826 „Non⁵)
545 1781 712 1822 dormiet,
749 1782 861 1815 donec
900 1783 1059 1815 comedat
1089 1783 1271 1826 praedam,
1307 1791 1340 1816 et

196 1843 393 1886 sanguinem
424 1843 680 1877 vulneratorum
715 1842 850 1876 bibat.“
906 1843 945 1877 In
976 1843 1026 1878 his
1050 1844 1161 1877 verbis
1190 1843 1264 1889 quis
1294 1845 1339 1878 ita

196 1905 260 1938 erit
302 1904 483 1938 historicae
522 1903 725 1938 narrationis
766 1905 996 1940 contentiosus
1046 1906 1216 1947 adsertor,
1265 1905 1336 1939 imo

291 2043 326 2087 ¹)
351 2043 421 2078 Csr.
448 2044 559 2078 Galat.
584 2045 644 2085 VI,
669 2045 724 2079 14.
873 2045 911 2087 ²)
936 2045 1036 2079 Num.
1063 2045 1194 2088 ΧΧῙΙΙ,
1217 2047 1270 2081 24.

287 2099 324 2143 ³)
348 2099 471 2133 Psalm.
495 2101 609 2141 XXII,
631 2102 685 2135 31.
861 2119 863 2121 -

290 2154 326 2199 ⁴)
353 2155 420 2188 Cfr.
443 2156 461 2187 l
478 2155 566 2189 Petr.
591 2156 633 2196 II,
656 2158 688 2190 2.

292 2210 327 2253 ⁶)
353 2211 453 2244 Num.
478 2211 608 2251 XXIII,
632 2214 684 2247 24.
