<?xml version="1.0" encoding="UTF-8"?>
<!DOCTYPE html PUBLIC "-//W3C//DTD XHTML 1.0 Transitional//EN"
    "http://www.w3.org/TR/xhtml1/DTD/xhtml1-transitional.dtd">
<html xmlns="http://www.w3.org/1999/xhtml" xml:lang="en" lang="en">
 <head>
  <title>
</title>
<meta http-equiv="Content-Type" content="text/html;charset=utf-8" />
  <meta name='ocr-system' content='tesseract 3.04.00' />
  <meta name='ocr-capabilities' content='ocr_page ocr_carea ocr_par ocr_line ocrx_word'/>
</head>
<body>
  <div class='ocr_page' id='page_1' title='image "./operaomniaquaegr10orig/operaomniaquaegr10orig_0330.png"; bbox 0 0 1427 2460; ppageno 0'>
   <div class='ocr_carea' id='block_1_1' title="bbox 199 101 861 141">
    <p class='ocr_par' dir='ltr' id='par_1_1' title="bbox 199 101 861 141">
     <span class='ocr_line' id='line_1_1' title="bbox 199 101 861 141; baseline 0.003 -9"><span class='ocrx_word' id='word_1_1' title='bbox 199 105 270 141; x_wconf 77' lang='lat'>308</span> <span class='ocrx_word' id='word_1_2' title='bbox 682 101 861 135; x_wconf 69' lang='lat' dir='ltr'>Omonms</span> 
     </span>
    </p>
   </div>
   <div class='ocr_carea' id='block_1_2' title="bbox 199 186 1391 1846">
    <p class='ocr_par' dir='ltr' id='par_1_2' title="bbox 199 186 1391 1846">
     <span class='ocr_line' id='line_1_2' title="bbox 199 186 1359 238; baseline -0.008 -7"><span class='ocrx_word' id='word_1_3' title='bbox 199 209 236 231; x_wconf 87' lang='lat' dir='ltr'>re</span> <span class='ocrx_word' id='word_1_4' title='bbox 258 207 388 229; x_wconf 88' lang='lat' dir='ltr'>nomen</span> <span class='ocrx_word' id='word_1_5' title='bbox 412 202 556 238; x_wconf 79' lang='lat' dir='ltr'>aptatur,</span> <span class='ocrx_word' id='word_1_6' title='bbox 581 192 639 225; x_wconf 87' lang='lat' dir='ltr'>sed</span> <span class='ocrx_word' id='word_1_7' title='bbox 665 200 697 224; x_wconf 87' lang='lat' dir='ltr'>et</span> <span class='ocrx_word' id='word_1_8' title='bbox 715 190 842 225; x_wconf 77' lang='lat' dir='ltr'>Daniel</span> <span class='ocrx_word' id='word_1_9' title='bbox 865 191 900 224; x_wconf 88' lang='lat' dir='ltr'>in</span> <span class='ocrx_word' id='word_1_10' title='bbox 913 189 1111 236; x_wconf 79' lang='lat' dir='ltr'>Babylonia</span> <span class='ocrx_word' id='word_1_11' title='bbox 1123 186 1359 234; x_wconf 79' lang='lat' dir='ltr'>Baltassar¹)&#39;</span> 
     </span>
     <span class='ocr_line' id='line_1_3' title="bbox 202 251 1341 298; baseline -0.006 -6"><span class='ocrx_word' id='word_1_12' title='bbox 202 257 417 292; x_wconf 79' lang='lat' dir='ltr'>nominatur:</span> <span class='ocrx_word' id='word_1_13' title='bbox 460 263 492 287; x_wconf 91' lang='lat' dir='ltr'>et</span> <span class='ocrx_word' id='word_1_14' title='bbox 524 253 692 294; x_wconf 79' lang='lat' dir='ltr'>Ananias,</span> <span class='ocrx_word' id='word_1_15' title='bbox 734 262 835 298; x_wconf 85' lang='lat' dir='ltr'>atque</span> <span class='ocrx_word' id='word_1_16' title='bbox 868 253 1024 296; x_wconf 82' lang='lat' dir='ltr'>Azarias,</span> <span class='ocrx_word' id='word_1_17' title='bbox 1055 261 1088 286; x_wconf 85' lang='lat' dir='ltr'>et</span> <span class='ocrx_word' id='word_1_18' title='bbox 1117 251 1257 292; x_wconf 81' lang='lat' dir='ltr'>Misael,</span> <span class='ocrx_word' id='word_1_19' title='bbox 1286 251 1341 285; x_wconf 86' lang='lat' dir='ltr'>Si-</span> 
     </span>
     <span class='ocr_line' id='line_1_4' title="bbox 201 312 1341 360; baseline -0.006 -6"><span class='ocrx_word' id='word_1_20' title='bbox 201 320 315 359; x_wconf 82' lang='lat' dir='ltr'>drach,</span> <span class='ocrx_word' id='word_1_21' title='bbox 340 315 531 360; x_wconf 80' lang='lat' dir='ltr'>Misach2),</span> <span class='ocrx_word' id='word_1_22' title='bbox 558 316 747 359; x_wconf 81' lang='lat' dir='ltr'>Abdenago</span> <span class='ocrx_word' id='word_1_23' title='bbox 773 315 974 349; x_wconf 80' lang='lat' dir='ltr'>vocitantur.</span> <span class='ocrx_word' id='word_1_24' title='bbox 1017 314 1121 349; x_wconf 78' lang='lat' dir='ltr'>Vides</span> <span class='ocrx_word' id='word_1_25' title='bbox 1147 326 1240 356; x_wconf 85' lang='lat' dir='ltr'>ergo,</span> <span class='ocrx_word' id='word_1_26' title='bbox 1262 312 1341 358; x_wconf 77' lang='lat' dir='ltr'>quia</span> 
     </span>
     <span class='ocr_line' id='line_1_5' title="bbox 200 374 1387 422; baseline -0.007 -7"><span class='ocrx_word' id='word_1_27' title='bbox 200 392 269 415; x_wconf 83' lang='lat' dir='ltr'>tam</span> <span class='ocrx_word' id='word_1_28' title='bbox 300 377 585 417; x_wconf 74' lang='lat' dir='ltr'>Israeliticorum,</span> <span class='ocrx_word' id='word_1_29' title='bbox 621 390 725 422; x_wconf 87' lang='lat' dir='ltr'>quam</span> <span class='ocrx_word' id='word_1_30' title='bbox 762 376 863 411; x_wconf 86' lang='lat' dir='ltr'>etiam</span> <span class='ocrx_word' id='word_1_31' title='bbox 897 378 1128 412; x_wconf 82' lang='lat' dir='ltr'>barbarorum</span> <span class='ocrx_word' id='word_1_32' title='bbox 1159 374 1342 409; x_wconf 88' lang='lat' dir='ltr'>hominum</span> <span class='ocrx_word' id='word_1_33' title='bbox 1382 395 1387 398; x_wconf 90' lang='lat'><strong>·</strong></span> 
     </span>
     <span class='ocr_line' id='line_1_6' title="bbox 200 437 1345 485; baseline -0.008 -8"><span class='ocrx_word' id='word_1_34' title='bbox 200 442 360 481; x_wconf 86' lang='lat' dir='ltr'>nomina,</span> <span class='ocrx_word' id='word_1_35' title='bbox 394 453 467 474; x_wconf 91' lang='lat' dir='ltr'>non</span> <span class='ocrx_word' id='word_1_36' title='bbox 491 437 652 479; x_wconf 76' lang='lat' dir='ltr'>fortuitu,</span> <span class='ocrx_word' id='word_1_37' title='bbox 687 438 746 472; x_wconf 79' lang='lat' dir='ltr'>sed</span> <span class='ocrx_word' id='word_1_38' title='bbox 777 453 842 485; x_wconf 84' lang='lat' dir='ltr'>pro</span> <span class='ocrx_word' id='word_1_39' title='bbox 874 440 974 473; x_wconf 84' lang='lat' dir='ltr'>rebus</span> <span class='ocrx_word' id='word_1_40' title='bbox 998 449 1031 472; x_wconf 92' lang='lat' dir='ltr'>et</span> <span class='ocrx_word' id='word_1_41' title='bbox 1055 438 1161 472; x_wconf 82' lang='lat' dir='ltr'>causis</span> <span class='ocrx_word' id='word_1_42' title='bbox 1185 445 1345 483; x_wconf 80' lang='lat' dir='ltr'>aptantur</span> 
     </span>
     <span class='ocr_line' id='line_1_7' title="bbox 201 497 1391 546; baseline -0.004 -8"><span class='ocrx_word' id='word_1_43' title='bbox 201 506 238 538; x_wconf 87' lang='lat' dir='ltr'>in</span> <span class='ocrx_word' id='word_1_44' title='bbox 271 505 356 546; x_wconf 79' lang='lat' dir='ltr'>lege.</span> <span class='ocrx_word' id='word_1_45' title='bbox 414 501 521 544; x_wconf 70' lang='lat' dir='ltr'>Igitur</span> <span class='ocrx_word' id='word_1_46' title='bbox 551 500 819 534; x_wconf 74' lang='lat' dir='ltr'>madianitarum</span> <span class='ocrx_word' id='word_1_47' title='bbox 855 513 967 543; x_wconf 82' lang='lat' dir='ltr'>regem</span> <span class='ocrx_word' id='word_1_48' title='bbox 998 500 1114 534; x_wconf 84' lang='lat' dir='ltr'>Moses</span> <span class='ocrx_word' id='word_1_49' title='bbox 1152 497 1344 545; x_wconf 81' lang='lat' dir='ltr'>appellavit,</span> <span class='ocrx_word' id='word_1_50' title='bbox 1387 528 1391 533; x_wconf 93' lang='grc'><em>,</em></span> 
     </span>
     <span class='ocr_line' id='line_1_8' title="bbox 202 559 1344 611; baseline -0.004 -12"><span class='ocrx_word' id='word_1_51' title='bbox 202 575 307 611; x_wconf 90' lang='lat' dir='ltr'>prout</span> <span class='ocrx_word' id='word_1_52' title='bbox 329 564 402 609; x_wconf 87' lang='lat' dir='ltr'>ipse</span> <span class='ocrx_word' id='word_1_53' title='bbox 426 562 556 596; x_wconf 88' lang='lat' dir='ltr'>censuit</span> <span class='ocrx_word' id='word_1_54' title='bbox 581 563 838 608; x_wconf 81' lang='lat' dir='ltr'>appellandum.</span> <span class='ocrx_word' id='word_1_55' title='bbox 885 561 1061 602; x_wconf 84' lang='lat' dir='ltr'>Belluina,</span> <span class='ocrx_word' id='word_1_56' title='bbox 1084 561 1206 606; x_wconf 81' lang='lat' dir='ltr'>inquit,</span> <span class='ocrx_word' id='word_1_57' title='bbox 1231 559 1344 594; x_wconf 84' lang='lat' dir='ltr'>feritas</span> 
     </span>
     <span class='ocr_line' id='line_1_9' title="bbox 205 614 1381 671; baseline -0.005 -11"><span class='ocrx_word' id='word_1_58' title='bbox 205 637 262 667; x_wconf 87' lang='lat' dir='ltr'>est,</span> <span class='ocrx_word' id='word_1_59' title='bbox 287 639 375 671; x_wconf 82' lang='lat' dir='ltr'>quae</span> <span class='ocrx_word' id='word_1_60' title='bbox 398 633 515 668; x_wconf 83' lang='lat' dir='ltr'>regnat</span> <span class='ocrx_word' id='word_1_61' title='bbox 538 625 574 658; x_wconf 91' lang='lat' dir='ltr'>in</span> <span class='ocrx_word' id='word_1_62' title='bbox 600 625 807 666; x_wconf 78' lang='lat' dir='ltr'>Madianitis,</span> <span class='ocrx_word' id='word_1_63' title='bbox 831 634 864 658; x_wconf 83' lang='lat' dir='ltr'>et</span> <span class='ocrx_word' id='word_1_64' title='bbox 886 620 959 658; x_wconf 72' lang='lat' dir='ltr'>non</span> <span class='ocrx_word' id='word_1_65' title='bbox 983 624 1058 669; x_wconf 88' lang='lat' dir='ltr'>ipsa</span> <span class='ocrx_word' id='word_1_66' title='bbox 1080 623 1204 663; x_wconf 87' lang='lat' dir='ltr'>solum,</span> <span class='ocrx_word' id='word_1_67' title='bbox 1226 623 1286 656; x_wconf 87' lang='lat' dir='ltr'>sed</span> <span class='ocrx_word' id='word_1_68' title='bbox 1312 630 1344 654; x_wconf 86' lang='lat' dir='ltr'>et</span> <span class='ocrx_word' id='word_1_69' title='bbox 1371 614 1381 622; x_wconf 47' lang='lat'><strong><em>‘</em></strong></span> 
     </span>
     <span class='ocr_line' id='line_1_10' title="bbox 202 683 1345 732; baseline -0.004 -11"><span class='ocrx_word' id='word_1_70' title='bbox 202 688 286 722; x_wconf 83' lang='lat' dir='ltr'>alius</span> <span class='ocrx_word' id='word_1_71' title='bbox 313 697 360 721; x_wconf 87' lang='lat' dir='ltr'>est</span> <span class='ocrx_word' id='word_1_72' title='bbox 382 687 418 731; x_wconf 82' lang='lat'>³)</span> <span class='ocrx_word' id='word_1_73' title='bbox 451 687 544 732; x_wconf 81' lang='lat' dir='ltr'>apud</span> <span class='ocrx_word' id='word_1_74' title='bbox 569 686 675 732; x_wconf 86' lang='lat' dir='ltr'>ipsos-</span> <span class='ocrx_word' id='word_1_75' title='bbox 692 700 749 720; x_wconf 83' lang='lat' dir='ltr'>rex</span> <span class='ocrx_word' id='word_1_76' title='bbox 773 687 914 721; x_wconf 86' lang='lat' dir='ltr'>nomine</span> <span class='ocrx_word' id='word_1_77' title='bbox 937 685 1080 719; x_wconf 89' lang='lat' dir='ltr'>Rocon:</span> <span class='ocrx_word' id='word_1_78' title='bbox 1118 685 1212 730; x_wconf 87' lang='lat' dir='ltr'><strong>quod</strong></span> <span class='ocrx_word' id='word_1_79' title='bbox 1239 693 1286 718; x_wconf 88' lang='lat' dir='ltr'>est</span> <span class='ocrx_word' id='word_1_80' title='bbox 1308 683 1345 716; x_wconf 85' lang='lat' dir='ltr'>in</span> 
     </span>
     <span class='ocr_line' id='line_1_11' title="bbox 202 746 1345 792; baseline -0.003 -9"><span class='ocrx_word' id='word_1_81' title='bbox 202 759 318 784; x_wconf 85' lang='lat' dir='ltr'>nostra</span> <span class='ocrx_word' id='word_1_82' title='bbox 341 749 476 790; x_wconf 82' lang='lat' dir='ltr'>lingua,</span> <span class='ocrx_word' id='word_1_83' title='bbox 508 747 661 782; x_wconf 79' lang='lat' dir='ltr'>inanitas.</span> <span class='ocrx_word' id='word_1_84' title='bbox 719 749 852 792; x_wconf 85' lang='lat' dir='ltr'>Regnat</span> <span class='ocrx_word' id='word_1_85' title='bbox 875 762 954 791; x_wconf 85' lang='lat' dir='ltr'>ergo</span> <span class='ocrx_word' id='word_1_86' title='bbox 981 758 1014 782; x_wconf 86' lang='lat' dir='ltr'>et</span> <span class='ocrx_word' id='word_1_87' title='bbox 1035 746 1180 781; x_wconf 84' lang='lat' dir='ltr'>inanitas</span> <span class='ocrx_word' id='word_1_88' title='bbox 1203 746 1239 779; x_wconf 92' lang='lat' dir='ltr'>in</span> <span class='ocrx_word' id='word_1_89' title='bbox 1261 746 1345 780; x_wconf 86' lang='lat' dir='ltr'>Ma·-</span> 
     </span>
     <span class='ocr_line' id='line_1_12' title="bbox 205 809 1345 853; baseline -0.004 -8"><span class='ocrx_word' id='word_1_90' title='bbox 205 811 410 846; x_wconf 86' lang='lat' dir='ltr'>dianitarum</span> <span class='ocrx_word' id='word_1_91' title='bbox 437 820 544 853; x_wconf 86' lang='lat' dir='ltr'>gente.</span> <span class='ocrx_word' id='word_1_92' title='bbox 591 810 651 844; x_wconf 88' lang='lat' dir='ltr'>Est</span> <span class='ocrx_word' id='word_1_93' title='bbox 669 811 759 844; x_wconf 82' lang='lat' dir='ltr'>enim</span> <span class='ocrx_word' id='word_1_94' title='bbox 783 823 899 844; x_wconf 84' lang='lat' dir='ltr'>revera</span> <span class='ocrx_word' id='word_1_95' title='bbox 923 811 1032 844; x_wconf 87' lang='lat' dir='ltr'>multa</span> <span class='ocrx_word' id='word_1_96' title='bbox 1053 809 1210 848; x_wconf 83' lang='lat' dir='ltr'>inanitas,</span> <span class='ocrx_word' id='word_1_97' title='bbox 1234 817 1266 841; x_wconf 91' lang='lat' dir='ltr'>et</span> <span class='ocrx_word' id='word_1_98' title='bbox 1288 820 1345 840; x_wconf 83' lang='lat' dir='ltr'>va-</span> 
     </span>
     <span class='ocr_line' id='line_1_13' title="bbox 202 872 1346 916; baseline -0.003 -10"><span class='ocrx_word' id='word_1_99' title='bbox 202 874 288 907; x_wconf 78' lang='lat' dir='ltr'>nitas</span> <span class='ocrx_word' id='word_1_100' title='bbox 312 873 348 906; x_wconf 86' lang='lat' dir='ltr'>in</span> <span class='ocrx_word' id='word_1_101' title='bbox 377 873 446 906; x_wconf 88' lang='lat' dir='ltr'>hoc</span> <span class='ocrx_word' id='word_1_102' title='bbox 478 873 630 911; x_wconf 79' lang='lat' dir='ltr'>mundo,</span> <span class='ocrx_word' id='word_1_103' title='bbox 666 873 737 906; x_wconf 89' lang='lat' dir='ltr'>imo</span> <span class='ocrx_word' id='word_1_104' title='bbox 771 882 804 905; x_wconf 87' lang='lat' dir='ltr'>et</span> <span class='ocrx_word' id='word_1_105' title='bbox 839 872 992 913; x_wconf 82' lang='lat' dir='ltr'>„vanitas</span> <span class='ocrx_word' id='word_1_106' title='bbox 1012 872 1050 916; x_wconf 77' lang='lat'>4)</span> <span class='ocrx_word' id='word_1_107' title='bbox 1074 872 1276 910; x_wconf 77' lang='lat' dir='ltr'>vanitatum,</span> <span class='ocrx_word' id='word_1_108' title='bbox 1314 878 1346 902; x_wconf 85' lang='lat' dir='ltr'>et</span> 
     </span>
     <span class='ocr_line' id='line_1_14' title="bbox 204 931 1342 980; baseline -0.004 -11"><span class='ocrx_word' id='word_1_109' title='bbox 204 934 319 969; x_wconf 83' lang='lat' dir='ltr'>omnia</span> <span class='ocrx_word' id='word_1_110' title='bbox 344 935 505 975; x_wconf 74' lang='lat' dir='ltr'>vanitas,“</span> <span class='ocrx_word' id='word_1_111' title='bbox 528 947 630 978; x_wconf 90' lang='lat' dir='ltr'>quam</span> <span class='ocrx_word' id='word_1_112' title='bbox 656 934 724 968; x_wconf 88' lang='lat' dir='ltr'>Dei</span> <span class='ocrx_word' id='word_1_113' title='bbox 756 935 852 968; x_wconf 85' lang='lat' dir='ltr'>miles</span> <span class='ocrx_word' id='word_1_114' title='bbox 887 947 1048 980; x_wconf 84' lang='lat' dir='ltr'>superare</span> <span class='ocrx_word' id='word_1_115' title='bbox 1075 934 1179 966; x_wconf 88' lang='lat' dir='ltr'>debet</span> <span class='ocrx_word' id='word_1_116' title='bbox 1208 941 1240 967; x_wconf 83' lang='lat' dir='ltr'>et</span> <span class='ocrx_word' id='word_1_117' title='bbox 1268 931 1342 964; x_wconf 88' lang='lat' dir='ltr'>vin-</span> 
     </span>
     <span class='ocr_line' id='line_1_15' title="bbox 205 993 1347 1041; baseline -0.004 -12"><span class='ocrx_word' id='word_1_118' title='bbox 205 1009 291 1030; x_wconf 79' lang='lat' dir='ltr'>cere.</span> <span class='ocrx_word' id='word_1_119' title='bbox 337 996 451 1029; x_wconf 82' lang='lat' dir='ltr'>Vincit</span> <span class='ocrx_word' id='word_1_120' title='bbox 475 1004 586 1029; x_wconf 81' lang='lat' dir='ltr'>autem</span> <span class='ocrx_word' id='word_1_121' title='bbox 611 996 830 1035; x_wconf 81' lang='lat' dir='ltr'>inanitatem,</span> <span class='ocrx_word' id='word_1_122' title='bbox 863 996 921 1041; x_wconf 83' lang='lat' dir='ltr'>qui</span> <span class='ocrx_word' id='word_1_123' title='bbox 951 995 1037 1028; x_wconf 85' lang='lat' dir='ltr'>nihil</span> <span class='ocrx_word' id='word_1_124' title='bbox 1066 995 1228 1037; x_wconf 81' lang='lat' dir='ltr'>inaniter,</span> <span class='ocrx_word' id='word_1_125' title='bbox 1259 993 1347 1026; x_wconf 85' lang='lat' dir='ltr'>nihil</span> 
     </span>
     <span class='ocr_line' id='line_1_16' title="bbox 204 1056 1345 1102; baseline -0.001 -13"><span class='ocrx_word' id='word_1_126' title='bbox 204 1057 396 1101; x_wconf 82' lang='lat' dir='ltr'>superflue,</span> <span class='ocrx_word' id='word_1_127' title='bbox 422 1065 455 1089; x_wconf 90' lang='lat' dir='ltr'>et</span> <span class='ocrx_word' id='word_1_128' title='bbox 478 1058 574 1101; x_wconf 85' lang='lat' dir='ltr'>quod</span> <span class='ocrx_word' id='word_1_129' title='bbox 600 1058 643 1090; x_wconf 82' lang='lat' dir='ltr'>ad</span> <span class='ocrx_word' id='word_1_130' title='bbox 666 1070 737 1090; x_wconf 89' lang='lat' dir='ltr'>rem</span> <span class='ocrx_word' id='word_1_131' title='bbox 763 1070 835 1090; x_wconf 90' lang='lat' dir='ltr'>non</span> <span class='ocrx_word' id='word_1_132' title='bbox 859 1057 1021 1102; x_wconf 82' lang='lat' dir='ltr'>pertinet,</span> <span class='ocrx_word' id='word_1_133' title='bbox 1053 1057 1155 1100; x_wconf 83' lang='lat' dir='ltr'>gerit:</span> <span class='ocrx_word' id='word_1_134' title='bbox 1191 1056 1250 1101; x_wconf 83' lang='lat' dir='ltr'>qui</span> <span class='ocrx_word' id='word_1_135' title='bbox 1273 1068 1345 1088; x_wconf 86' lang='lat' dir='ltr'>me-</span> 
     </span>
     <span class='ocr_line' id='line_1_17' title="bbox 205 1116 1347 1164; baseline -0.001 -13"><span class='ocrx_word' id='word_1_136' title='bbox 205 1118 304 1152; x_wconf 85' lang='lat' dir='ltr'>minit</span> <span class='ocrx_word' id='word_1_137' title='bbox 326 1116 606 1163; x_wconf 60' lang='lat' dir='ltr'>praecepti&#39;illius</span> <span class='ocrx_word' id='word_1_138' title='bbox 625 1119 801 1158; x_wconf 86' lang='lat' dir='ltr'>dominici,</span> <span class='ocrx_word' id='word_1_139' title='bbox 827 1132 895 1164; x_wconf 92' lang='lat' dir='ltr'>quo</span> <span class='ocrx_word' id='word_1_140' title='bbox 918 1119 974 1160; x_wconf 86' lang='lat' dir='ltr'>ait,</span> <span class='ocrx_word' id='word_1_141' title='bbox 999 1118 1079 1164; x_wconf 88' lang='lat' dir='ltr'>quia</span> <span class='ocrx_word' id='word_1_142' title='bbox 1100 1117 1222 1158; x_wconf 87' lang='lat' dir='ltr'>„etiam</span> <span class='ocrx_word' id='word_1_143' title='bbox 1240 1117 1278 1161; x_wconf 88' lang='lat'>⁵)</span> <span class='ocrx_word' id='word_1_144' title='bbox 1303 1118 1347 1151; x_wconf 88' lang='lat' dir='ltr'>de</span> 
     </span>
     <span class='ocr_line' id='line_1_18' title="bbox 206 1179 1349 1226; baseline 0.001 -13"><span class='ocrx_word' id='word_1_145' title='bbox 206 1181 307 1213; x_wconf 81' lang='lat' dir='ltr'>verba</span> <span class='ocrx_word' id='word_1_146' title='bbox 333 1180 445 1214; x_wconf 82' lang='lat' dir='ltr'>otioso</span> <span class='ocrx_word' id='word_1_147' title='bbox 477 1180 624 1213; x_wconf 89' lang='lat' dir='ltr'>reddent</span> <span class='ocrx_word' id='word_1_148' title='bbox 654 1181 811 1214; x_wconf 82' lang='lat' dir='ltr'>homines</span> <span class='ocrx_word' id='word_1_149' title='bbox 844 1180 1014 1213; x_wconf 86' lang='lat' dir='ltr'>rationem</span> <span class='ocrx_word' id='word_1_150' title='bbox 1044 1180 1081 1213; x_wconf 88' lang='lat' dir='ltr'>in</span> <span class='ocrx_word' id='word_1_151' title='bbox 1110 1179 1166 1213; x_wconf 85' lang='lat' dir='ltr'>die</span> <span class='ocrx_word' id='word_1_152' title='bbox 1196 1179 1349 1226; x_wconf 77' lang='lat' dir='ltr'>judicii.“</span> 
     </span>
     <span class='ocr_line' id='line_1_19' title="bbox 207 1240 1349 1292; baseline 0 -18"><span class='ocrx_word' id='word_1_153' title='bbox 207 1242 246 1275; x_wconf 87' lang='lat' dir='ltr'>In</span> <span class='ocrx_word' id='word_1_154' title='bbox 272 1242 337 1275; x_wconf 77' lang='lat' dir='ltr'>hac</span> <span class='ocrx_word' id='word_1_155' title='bbox 364 1240 478 1277; x_wconf 84' lang='lat' dir='ltr'>autem</span> <span class='ocrx_word' id='word_1_156' title='bbox 502 1241 751 1292; x_wconf 57' lang='lat' dir='ltr'>vita‘homines</span> <span class='ocrx_word' id='word_1_157' title='bbox 774 1251 886 1276; x_wconf 90' lang='lat' dir='ltr'>totum</span> <span class='ocrx_word' id='word_1_158' title='bbox 916 1255 1006 1287; x_wconf 89' lang='lat' dir='ltr'>pene</span> <span class='ocrx_word' id='word_1_159' title='bbox 1040 1241 1208 1284; x_wconf 88' lang='lat' dir='ltr'>otiosum,</span> <span class='ocrx_word' id='word_1_160' title='bbox 1240 1250 1274 1274; x_wconf 87' lang='lat' dir='ltr'>et</span> <span class='ocrx_word' id='word_1_161' title='bbox 1295 1250 1349 1274; x_wconf 87' lang='lat' dir='ltr'>to-</span> 
     </span>
     <span class='ocr_line' id='line_1_20' title="bbox 207 1302 1348 1349; baseline 0.001 -14"><span class='ocrx_word' id='word_1_162' title='bbox 207 1303 280 1336; x_wconf 80' lang='lat' dir='ltr'>tu‘m</span> <span class='ocrx_word' id='word_1_163' title='bbox 304 1303 407 1338; x_wconf 83' lang='lat' dir='ltr'>inane</span> <span class='ocrx_word' id='word_1_164' title='bbox 422 1313 480 1345; x_wconf 73' lang='lat' dir='ltr'>est,</span> <span class='ocrx_word' id='word_1_165' title='bbox 507 1305 602 1349; x_wconf 87' lang='lat' dir='ltr'>quod</span> <span class='ocrx_word' id='word_1_166' title='bbox 621 1306 822 1349; x_wconf 86' lang='lat' dir='ltr'>loquuntur,</span> <span class='ocrx_word' id='word_1_167' title='bbox 849 1304 944 1349; x_wconf 87' lang='lat' dir='ltr'>quod</span> <span class='ocrx_word' id='word_1_168' title='bbox 961 1312 1074 1346; x_wconf 83' lang='lat' dir='ltr'>agunt.</span> <span class='ocrx_word' id='word_1_169' title='bbox 1118 1303 1232 1337; x_wconf 86' lang='lat' dir='ltr'>Inanis</span> <span class='ocrx_word' id='word_1_170' title='bbox 1256 1302 1348 1336; x_wconf 82' lang='lat' dir='ltr'>enim</span> 
     </span>
     <span class='ocr_line' id='line_1_21' title="bbox 208 1364 1348 1413; baseline 0.001 -16"><span class='ocrx_word' id='word_1_171' title='bbox 208 1364 334 1398; x_wconf 77' lang='lat' dir='ltr'>dieitur</span> <span class='ocrx_word' id='word_1_172' title='bbox 358 1365 468 1400; x_wconf 88' lang='lat' dir='ltr'>omnis</span> <span class='ocrx_word' id='word_1_173' title='bbox 492 1375 585 1399; x_wconf 83' lang='lat' dir='ltr'>actus</span> <span class='ocrx_word' id='word_1_174' title='bbox 612 1375 644 1399; x_wconf 90' lang='lat' dir='ltr'>et</span> <span class='ocrx_word' id='word_1_175' title='bbox 669 1367 780 1413; x_wconf 71' lang='lat' dir='ltr'>omnis</span> <span class='ocrx_word' id='word_1_176' title='bbox 804 1378 936 1406; x_wconf 85' lang='lat' dir='ltr'>sermo,</span> <span class='ocrx_word' id='word_1_177' title='bbox 967 1366 1003 1398; x_wconf 85' lang='lat' dir='ltr'>in</span> <span class='ocrx_word' id='word_1_178' title='bbox 1027 1379 1098 1410; x_wconf 82' lang='lat' dir='ltr'>quo</span> <span class='ocrx_word' id='word_1_179' title='bbox 1128 1379 1201 1399; x_wconf 90' lang='lat' dir='ltr'>non</span> <span class='ocrx_word' id='word_1_180' title='bbox 1226 1374 1273 1399; x_wconf 84' lang='lat' dir='ltr'>est</span> <span class='ocrx_word' id='word_1_181' title='bbox 1295 1365 1348 1398; x_wconf 90' lang='lat' dir='ltr'>in-</span> 
     </span>
     <span class='ocr_line' id='line_1_22' title="bbox 208 1425 1349 1472; baseline 0.001 -13"><span class='ocrx_word' id='word_1_182' title='bbox 208 1425 372 1460; x_wconf 86' lang='lat' dir='ltr'>trinsecus</span> <span class='ocrx_word' id='word_1_183' title='bbox 397 1426 526 1471; x_wconf 84' lang='lat' dir='ltr'>aliquid</span> <span class='ocrx_word' id='word_1_184' title='bbox 550 1441 615 1472; x_wconf 82' lang='lat' dir='ltr'>pro</span> <span class='ocrx_word' id='word_1_185' title='bbox 642 1427 731 1469; x_wconf 89' lang='lat' dir='ltr'>Deo,</span> <span class='ocrx_word' id='word_1_186' title='bbox 756 1428 808 1461; x_wconf 77' lang='lat' dir='ltr'>vel</span> <span class='ocrx_word' id='word_1_187' title='bbox 831 1441 896 1472; x_wconf 83' lang='lat' dir='ltr'>pro</span> <span class='ocrx_word' id='word_1_188' title='bbox 920 1429 1085 1461; x_wconf 79' lang='lat' dir='ltr'>mandato</span> <span class='ocrx_word' id='word_1_189' title='bbox 1109 1427 1186 1461; x_wconf 86' lang='lat' dir='ltr'>Dei.</span> <span class='ocrx_word' id='word_1_190' title='bbox 1233 1427 1293 1460; x_wconf 86' lang='lat' dir='ltr'>Est</span> <span class='ocrx_word' id='word_1_191' title='bbox 1317 1436 1349 1460; x_wconf 87' lang='lat' dir='ltr'>et</span> 
     </span>
     <span class='ocr_line' id='line_1_23' title="bbox 207 1484 1349 1535; baseline 0.003 -15"><span class='ocrx_word' id='word_1_192' title='bbox 207 1487 292 1521; x_wconf 81' lang='lat' dir='ltr'>alius</span> <span class='ocrx_word' id='word_1_193' title='bbox 315 1500 373 1521; x_wconf 81' lang='lat' dir='ltr'>rex</span> <span class='ocrx_word' id='word_1_194' title='bbox 392 1487 547 1522; x_wconf 74' lang='lat' dir='ltr'>Madiam</span> <span class='ocrx_word' id='word_1_195' title='bbox 558 1484 622 1529; x_wconf 63' lang='lat' dir='ltr'>Ur,</span> <span class='ocrx_word' id='word_1_196' title='bbox 645 1497 679 1523; x_wconf 87' lang='lat' dir='ltr'>et</span> <span class='ocrx_word' id='word_1_197' title='bbox 701 1489 756 1522; x_wconf 85' lang='lat' dir='ltr'>hic</span> <span class='ocrx_word' id='word_1_198' title='bbox 779 1489 1021 1535; x_wconf 84' lang='lat' dir='ltr'>interpretatur</span> <span class='ocrx_word' id='word_1_199' title='bbox 1043 1488 1198 1522; x_wconf 83' lang='lat' dir='ltr'>irritatio.</span> <span class='ocrx_word' id='word_1_200' title='bbox 1245 1489 1349 1523; x_wconf 82' lang='lat' dir='ltr'>Vides</span> 
     </span>
     <span class='ocr_line' id='line_1_24' title="bbox 209 1550 1348 1596; baseline 0.003 -14"><span class='ocrx_word' id='word_1_201' title='bbox 209 1550 324 1593; x_wconf 80' lang='lat' dir='ltr'>quales</span> <span class='ocrx_word' id='word_1_202' title='bbox 347 1557 443 1590; x_wconf 85' lang='lat' dir='ltr'>sunt,</span> <span class='ocrx_word' id='word_1_203' title='bbox 467 1550 526 1594; x_wconf 84' lang='lat' dir='ltr'>qui</span> <span class='ocrx_word' id='word_1_204' title='bbox 549 1560 692 1593; x_wconf 86' lang='lat' dir='ltr'>regnant</span> <span class='ocrx_word' id='word_1_205' title='bbox 711 1551 748 1596; x_wconf 76' lang='grc'>6)</span> <span class='ocrx_word' id='word_1_206' title='bbox 773 1552 867 1596; x_wconf 83' lang='lat' dir='ltr'>apud</span> <span class='ocrx_word' id='word_1_207' title='bbox 888 1550 1112 1591; x_wconf 73' lang='lat' dir='ltr'>Madianitas,</span> <span class='ocrx_word' id='word_1_208' title='bbox 1136 1550 1260 1596; x_wconf 83' lang='lat' dir='ltr'>quibus</span> <span class='ocrx_word' id='word_1_209' title='bbox 1285 1552 1348 1585; x_wconf 87' lang='lat' dir='ltr'>ho-</span> 
     </span>
     <span class='ocr_line' id='line_1_25' title="bbox 209 1610 1349 1658; baseline 0.004 -14"><span class='ocrx_word' id='word_1_210' title='bbox 209 1610 359 1645; x_wconf 76' lang='lat' dir='ltr'>minibus</span> <span class='ocrx_word' id='word_1_211' title='bbox 387 1611 556 1645; x_wconf 79' lang='lat' dir='ltr'>adversari</span> <span class='ocrx_word' id='word_1_212' title='bbox 580 1622 737 1658; x_wconf 79' lang='lat' dir='ltr'>oportet,</span> <span class='ocrx_word' id='word_1_213' title='bbox 766 1612 839 1647; x_wconf 90' lang='lat' dir='ltr'>imo</span> <span class='ocrx_word' id='word_1_214' title='bbox 865 1626 952 1658; x_wconf 87' lang='lat' dir='ltr'><strong>quos</strong></span> <span class='ocrx_word' id='word_1_215' title='bbox 975 1612 1100 1658; x_wconf 80' lang='lat' dir='ltr'>perimi</span> <span class='ocrx_word' id='word_1_216' title='bbox 1122 1614 1282 1648; x_wconf 81' lang='lat' dir='ltr'>convenit</span> <span class='ocrx_word' id='word_1_217' title='bbox 1305 1615 1349 1648; x_wconf 82' lang='lat' dir='ltr'>ab</span> 
     </span>
     <span class='ocr_line' id='line_1_26' title="bbox 206 1672 1350 1719; baseline 0.003 -13"><span class='ocrx_word' id='word_1_218' title='bbox 206 1672 259 1715; x_wconf 77' lang='lat' dir='ltr'>iis,</span> <span class='ocrx_word' id='word_1_219' title='bbox 283 1673 482 1718; x_wconf 67' lang='lat' dir='ltr'>quiDeum</span> <span class='ocrx_word' id='word_1_220' title='bbox 506 1683 705 1719; x_wconf 85' lang='lat' dir='ltr'>sequuntur,</span> <span class='ocrx_word' id='word_1_221' title='bbox 729 1684 761 1710; x_wconf 88' lang='lat' dir='ltr'>et</span> <span class='ocrx_word' id='word_1_222' title='bbox 780 1673 934 1709; x_wconf 81' lang='lat' dir='ltr'>interfici.</span> <span class='ocrx_word' id='word_1_223' title='bbox 982 1675 1065 1709; x_wconf 84' lang='lat' dir='ltr'>Non</span> <span class='ocrx_word' id='word_1_224' title='bbox 1089 1674 1179 1709; x_wconf 84' lang='lat' dir='ltr'>enim</span> <span class='ocrx_word' id='word_1_225' title='bbox 1202 1685 1272 1709; x_wconf 82' lang='lat' dir='ltr'>tam</span> <span class='ocrx_word' id='word_1_226' title='bbox 1296 1688 1350 1709; x_wconf 73' lang='lat' dir='ltr'>re-</span> 
     </span>
     <span class='ocr_line' id='line_1_27' title="bbox 209 1734 1351 1782; baseline 0.004 -14"><span class='ocrx_word' id='word_1_227' title='bbox 209 1747 264 1778; x_wconf 79' lang='lat' dir='ltr'>ges</span> <span class='ocrx_word' id='word_1_228' title='bbox 280 1735 327 1779; x_wconf 90' lang='lat'>⁷),</span> <span class='ocrx_word' id='word_1_229' title='bbox 352 1748 456 1781; x_wconf 84' lang='lat' dir='ltr'>quam</span> <span class='ocrx_word' id='word_1_230' title='bbox 475 1734 635 1769; x_wconf 79' lang='lat' dir='ltr'>vitiorum</span> <span class='ocrx_word' id='word_1_231' title='bbox 654 1735 806 1778; x_wconf 83' lang='lat' dir='ltr'>nomina,</span> <span class='ocrx_word' id='word_1_232' title='bbox 831 1749 920 1782; x_wconf 80' lang='lat' dir='ltr'>quae</span> <span class='ocrx_word' id='word_1_233' title='bbox 934 1747 1076 1780; x_wconf 86' lang='lat' dir='ltr'>regnant</span> <span class='ocrx_word' id='word_1_234' title='bbox 1089 1736 1127 1771; x_wconf 85' lang='lat' dir='ltr'>in</span> <span class='ocrx_word' id='word_1_235' title='bbox 1141 1737 1351 1780; x_wconf 84' lang='lat' dir='ltr'>hominibus,</span> 
     </span>
     <span class='ocr_line' id='line_1_28' title="bbox 209 1796 1346 1846; baseline 0.004 -16"><span class='ocrx_word' id='word_1_236' title='bbox 209 1797 405 1830; x_wconf 83' lang='lat' dir='ltr'>referuntur</span> <span class='ocrx_word' id='word_1_237' title='bbox 426 1796 463 1831; x_wconf 91' lang='lat' dir='ltr'>in</span> <span class='ocrx_word' id='word_1_238' title='bbox 486 1798 575 1840; x_wconf 81' lang='lat' dir='ltr'>lege:</span> <span class='ocrx_word' id='word_1_239' title='bbox 601 1808 633 1832; x_wconf 87' lang='lat' dir='ltr'>et</span> <span class='ocrx_word' id='word_1_240' title='bbox 657 1811 731 1832; x_wconf 91' lang='lat' dir='ltr'>non</span> <span class='ocrx_word' id='word_1_241' title='bbox 754 1807 824 1832; x_wconf 89' lang='lat' dir='ltr'>tam</span> <span class='ocrx_word' id='word_1_242' title='bbox 849 1798 997 1842; x_wconf 87' lang='lat' dir='ltr'>gentium</span> <span class='ocrx_word' id='word_1_243' title='bbox 1017 1799 1120 1841; x_wconf 84' lang='lat' dir='ltr'>bena,</span> <span class='ocrx_word' id='word_1_244' title='bbox 1143 1812 1248 1846; x_wconf 79' lang='lat' dir='ltr'>quam</span> <span class='ocrx_word' id='word_1_245' title='bbox 1264 1813 1346 1834; x_wconf 88' lang='lat' dir='ltr'>con-</span> 
     </span>
    </p>
   </div>
   <div class='ocr_carea' id='block_1_3' title="bbox 305 1995 1247 2150">
    <p class='ocr_par' dir='ltr' id='par_1_3' title="bbox 305 1995 1247 2150">
     <span class='ocr_line' id='line_1_29' title="bbox 306 1995 1247 2042; baseline 0.004 -13"><span class='ocrx_word' id='word_1_246' title='bbox 306 1997 341 2040; x_wconf 91' lang='lat'>¹)</span> <span class='ocrx_word' id='word_1_247' title='bbox 367 1995 438 2032; x_wconf 83' lang='lat' dir='ltr'><strong>Cfr.</strong></span> <span class='ocrx_word' id='word_1_248' title='bbox 462 1996 552 2031; x_wconf 79' lang='lat' dir='ltr'>Dan.</span> <span class='ocrx_word' id='word_1_249' title='bbox 577 1998 609 2038; x_wconf 88' lang='lat' dir='ltr'>I,</span> <span class='ocrx_word' id='word_1_250' title='bbox 646 1998 677 2032; x_wconf 89' lang='lat'>7.</span> <span class='ocrx_word' id='word_1_251' title='bbox 774 1998 811 2042; x_wconf 78' lang='lat'>²)</span> <span class='ocrx_word' id='word_1_252' title='bbox 834 1997 924 2033; x_wconf 85' lang='lat' dir='ltr'><strong>Edd.</strong></span> <span class='ocrx_word' id='word_1_253' title='bbox 949 1998 1105 2033; x_wconf 72' lang='lat' dir='ltr'>Met-lini:</span> <span class='ocrx_word' id='word_1_254' title='bbox 1129 1998 1247 2035; x_wconf 80' lang='lat' dir='ltr'>Misac.</span> 
     </span>
     <span class='ocr_line' id='line_1_30' title="bbox 305 2051 981 2095; baseline 0.007 -11"><span class='ocrx_word' id='word_1_255' title='bbox 305 2051 343 2094; x_wconf 73' lang='grc'>3)</span> <span class='ocrx_word' id='word_1_256' title='bbox 366 2052 588 2087; x_wconf 77' lang='lat' dir='ltr'>Desideratur</span> <span class='ocrx_word' id='word_1_257' title='bbox 611 2059 703 2095; x_wconf 82' lang='lat' dir='ltr'>‚,est“</span> <span class='ocrx_word' id='word_1_258' title='bbox 727 2054 764 2088; x_wconf 87' lang='lat' dir='ltr'>iu</span> <span class='ocrx_word' id='word_1_259' title='bbox 787 2055 840 2088; x_wconf 81' lang='lat' dir='ltr'>ed.</span> <span class='ocrx_word' id='word_1_260' title='bbox 865 2054 981 2089; x_wconf 85' lang='lat' dir='ltr'>Ruaei.</span> 
     </span>
     <span class='ocr_line' id='line_1_31' title="bbox 305 2106 661 2150; baseline 0.008 -10"><span class='ocrx_word' id='word_1_261' title='bbox 305 2106 342 2150; x_wconf 67' lang='lat'>⁴)</span> <span class='ocrx_word' id='word_1_262' title='bbox 365 2108 556 2143; x_wconf 83' lang='lat' dir='ltr'>Ecclesiast.</span> <span class='ocrx_word' id='word_1_263' title='bbox 580 2109 605 2150; x_wconf 86' lang='grc' dir='ltr'>Ι,</span> <span class='ocrx_word' id='word_1_264' title='bbox 628 2112 661 2145; x_wconf 83' lang='grc'>2.</span> 
     </span>
    </p>
   </div>
   <div class='ocr_carea' id='block_1_4' title="bbox 307 2163 764 2206">
    <p class='ocr_par' dir='ltr' id='par_1_4' title="bbox 307 2163 764 2206">
     <span class='ocr_line' id='line_1_32' title="bbox 307 2163 764 2206; baseline 0.004 -10"><span class='ocrx_word' id='word_1_265' title='bbox 307 2163 342 2206; x_wconf 82' lang='lat'>⁵)</span> <span class='ocrx_word' id='word_1_266' title='bbox 369 2163 437 2197; x_wconf 64' lang='lat' dir='ltr'>cfr.</span> <span class='ocrx_word' id='word_1_267' title='bbox 463 2164 584 2198; x_wconf 65' lang='lat' dir='ltr'>matth.</span> <span class='ocrx_word' id='word_1_268' title='bbox 609 2165 686 2206; x_wconf 82' lang='lat' dir='ltr'>xu,</span> <span class='ocrx_word' id='word_1_269' title='bbox 710 2166 764 2201; x_wconf 86' lang='lat'>36.</span> 
     </span>
    </p>
   </div>
   <div class='ocr_carea' id='block_1_5' title="bbox 304 2218 889 2320">
    <p class='ocr_par' dir='ltr' id='par_1_5' title="bbox 304 2218 889 2320">
     <span class='ocr_line' id='line_1_33' title="bbox 304 2218 889 2264; baseline 0.01 -13"><span class='ocrx_word' id='word_1_270' title='bbox 304 2218 342 2262; x_wconf 86' lang='lat'>⁶)</span> <span class='ocrx_word' id='word_1_271' title='bbox 366 2219 430 2253; x_wconf 90' lang='lat' dir='ltr'>Ed.</span> <span class='ocrx_word' id='word_1_272' title='bbox 453 2220 562 2253; x_wconf 82' lang='lat' dir='ltr'>Ruaei</span> <span class='ocrx_word' id='word_1_273' title='bbox 583 2222 673 2255; x_wconf 84' lang='lat' dir='ltr'>sola:</span> <span class='ocrx_word' id='word_1_274' title='bbox 697 2227 889 2264; x_wconf 82' lang='lat' dir='ltr'>‚,regnent.“</span> 
     </span>
     <span class='ocr_line' id='line_1_34' title="bbox 307 2274 790 2320; baseline 0.006 -12"><span class='ocrx_word' id='word_1_275' title='bbox 307 2274 342 2317; x_wconf 80' lang='lat'>⁷)</span> <span class='ocrx_word' id='word_1_276' title='bbox 368 2274 456 2310; x_wconf 84' lang='lat' dir='ltr'><strong>Edd.</strong></span> <span class='ocrx_word' id='word_1_277' title='bbox 482 2276 639 2311; x_wconf 84' lang='lat' dir='ltr'>Merlini:</span> <span class='ocrx_word' id='word_1_278' title='bbox 664 2290 790 2320; x_wconf 86' lang='lat' dir='ltr'>regum.</span> 
     </span>
    </p>
   </div>
  </div>
 </body>
</html>
