1427 2460
319 90 355 113 m
383 79 560 113 Nummos
586 76 747 110 nomm
775 77 898 111 XXIV.
1109 82 1173 118 297

55 171 239 216 Apostolus
271 171 371 203 docet
390 167 422 213 1)
463 167 564 201 alium
598 180 665 201 esse
696 166 891 201 interiorem
926 170 1117 210 hominem,
1149 182 1178 204 et

55 234 158 266 aliurn
184 231 397 266 exteriorem:
428 238 461 262 et
483 229 578 261 illum
604 242 689 269 esse,
711 230 768 274 qui
793 240 974 263 renovatur
998 232 1039 264 de
1064 232 1118 265 dic
1144 234 1176 266 in

56 294 144 328 diem
174 293 358 327 secuudum
387 291 567 332 imaginem
601 289 688 337 ejus,
720 293 777 335 qui
807 292 929 324 creavit
963 307 1056 326 eum:
1087 295 1177 328 hunc

54 369 134 388 vero
159 367 226 388 esse
247 352 428 392 visibilem,
461 353 518 397 qui
544 353 783 397 corrumpitur.
831 353 920 386 Cum
945 367 1023 396 crgo
1047 355 1180 389 venitur

53 417 97 450 ad
121 416 218 450 istum
243 413 308 461 jam
334 415 544 460 profectum,
575 423 611 446 ut
633 414 685 446 lex
709 413 776 446 Dei
799 414 1014 459 suscipiatur,
1044 425 1077 449 et
1102 426 1179 451 vota

52 477 207 511 Domino
240 477 444 510 offerantur:
475 485 549 508 vota
583 484 695 507 autem
726 476 882 509 Domino
918 477 1043 509 offerre
1074 491 1176 511 nemo

33 548 181 584 ‘potost‚
213 538 277 572 nisi
311 538 367 582 qui
399 537 501 570 habet
526 536 653 581 aliquid
677 537 712 570 in
736 547 842 570 semet
863 537 956 581 ipso,
988 548 1019 572 et
1041 538 1077 571 in
1099 540 1179 572 sub-

51 601 170 633 stantia
204 614 280 640 sun,
313 601 406 644 quod
439 601 560 632 offerat
585 598 679 632 Deo:
711 612 783 632 non
805 598 928 632 sufficit
950 599 1010 632 iste
1035 601 1179 634 exterior

52 662 158 695 homo
188 663 294 703 legem
320 661 386 694 Dei
417 660 600 704 suscipere,
631 673 694 692 nec
718 670 795 693 vota
818 662 910 694 solus
935 661 1076 702 ofserrc3
1106 676 1179 695 non

54 723 141 756 enim
167 732 280 768 potest
302 722 430 766 aliquid
453 715 592 764 ‘dignum
609 721 685 754 Deo
711 722 853 754 habere:
877 721 934 754 sed
959 720 1015 754 ille
1038 721 1180 756 interior

54 794 102 817 est
126 785 249 824 homo,
273 784 329 829 qui
354 783 456 824 magis
481 783 583 815 habet
607 782 642 815 in
667 796 716 822 se,
741 784 832 827 quod
858 783 981 816 offerat
1006 783 1093 816 Deo.
1142 785 1179 818 ln

51 846 112 879 illo
136 859 284 890 namque
308 854 355 878 est
378 844 609 877 habitaculum
634 844 811 884 virtutum,
841 843 875 876 in
907 844 967 877 illo
993 845 1104 879 omnis
1128 846 1179 879 in—

52 908 204 940 tellectus
234 906 407 946 scientiae,
438 905 473 938 in
491 905 529 950 ²)
558 905 617 938 illo
654 914 702 938 est
733 905 865 938 divinae
896 905 1049 948 imaginis
1079 909 1179 942 inno-

52 968 152 1002 vatio.
199 968 269 1012 Qui
300 982 375 1001 cum
406 967 552 1012 speciem
585 980 698 1006 suam,
728 978 791 1012 qua
809 967 845 1011 ³)
876 981 913 999 ex
937 967 1033 1001 initio
1058 982 1076 1002 a
1102 971 1179 1004 Deo

51 1031 159 1064 factus
191 1040 253 1070 est,
287 1028 550 1074 recuperaverit,
590 1038 621 1061 et
651 1028 810 1061 virtutum
842 1029 1128 1072 redintegratione
1146 1031 1182 1077 ²²)

52 1091 341 1136 pulchritudinem
357 1091 393 1136 5)
417 1090 542 1135 prioris
565 1091 698 1123 formae
722 1088 1001 1134 1·eceperi1,‘tunc
1025 1090 1092 1137 jam
1117 1108 1180 1138 po-

51 1162 114 1186 test
147 1163 222 1186 vota
255 1154 380 1186 offerre
410 1153 509 1191 Deo,
547 1160 578 1184 et
610 1160 691 1183 tunc
722 1149 789 1196 jam
820 1165 891 1184 non
923 1152 1029 1186 homo
1059 1155 1183 1196 solum,

51 1215 110 1248 sed
141 1215 247 1247 homo
273 1215 378 1247 homo
404 1214 543 1246 dicetur.
591 1213 675 1244 Nam
703 1212 760 1256 qui
785 1213 980 1246 interiorem
1007 1216 1180 1250 hominem

52 1289 126 1309 non
158 1276 299 1315 excolit,
330 1275 389 1319 qui
418 1275 507 1308 illius
541 1287 656 1307 curam
687 1287 758 1306 non
792 1273 891 1316 gerit,
923 1275 980 1319 qui
1005 1277 1181 1312 virtutibus

18 1364 21 1365 γ
54 1350 132 1370 eum
161 1350 234 1370 non
264 1336 412 1377 instruit,
443 1336 599 1369 moribus
623 1349 695 1368 non
719 1335 882 1376 adornat,
907 1336 1026 1370 divinis
1049 1338 1182 1373 institu-

50 1388 202 1432 tionibuis
224 1411 295 1430 non
320 1408 467 1438 exercet,
496 1397 693 1442 sapientiam
718 1395 785 1430 Dei
807 1410 879 1430 non
905 1398 1051 1442 quaerit,
1074 1401 1181 1434 scien-

51 1460 119 1494 tiae
141 1459 392 1504 Scripturarum
425 1473 564 1504 operam
590 1472 660 1492 non
684 1457 868 1503 impendit,
899 1460 953 1492 hic
977 1474 1048 1494 non
1072 1472 1183 1506 potest

53 1522 160 1555 homo
183 1522 290 1554 homo
317 1521 398 1562 dici,
429 1521 487 1555 sed
513 1521 619 1554 homo
646 1529 795 1560 tantum,
821 1531 852 1554 et
877 1522 981 1554 homo
1008 1523 1181 1558 animalis:

55 1583 131 1627 quia
164 1582 222 1615 ille
252 1582 410 1622 interior,
442 1582 496 1615 cui
527 1581 637 1615 verius
670 1592 702 1615 et
732 1582 883 1615 nobilius
916 1584 1021 1617 homo
1053 1599 1181 1619 nomen

55 1652 120 1683 est,
152 1642 280 1688 sopitus
307 1644 342 1676 in
373 1656 414 1675 eo
445 1653 493 1676 est
524 1642 714 1677 carnalibus
745 1643 846 1683 vitiis,
880 1653 911 1677 et
935 1645 1053 1679 mundi
1084 1646 1184 1690 hujus

55 1705 142 1738 curis
179 1717 218 1736 ac
250 1704 535 1738 sollicitudinibus
571 1705 728 1744 obrutus,
765 1705 810 1738 ita
828 1705 864 1744 ὓ)
902 1715 938 1738 ut
977 1707 1012 1739 iu
1045 1722 1085 1741 co
1123 1723 1183 1742 uec

119 1776 185 1842 3)
207 1799 239 1831 11
263 1775 343 1832 egr.
370 1798 428 1837 lv,
452 1798 504 1832 16.

149 1854 187 1898 2)
209 1854 296 1888 Edd.
322 1854 478 1887 Merlini:
505 1864 537 1887 et
561 1854 596 1887 in
620 1855 681 1888 illo
707 1865 767 1889 etc.

150 1909 187 1954 3)
213 1909 438 1987 Cod.Rsancti
463 1911 690 1945 Theoderici:
721 1925 836 1956 „quae
869 1926 906 1945 ex
937 1913 1033 1946 initio
1066 1928 1083 1947 a
1108 1916 1184 1948 Deo

56 1957 143 1989 facta
179 1960 257 1988 est.“
343 1982 349 1988 .

150 2009 187 2054 ¹²)
210 2011 297 2044 Edd.
322 2011 479 2045 Merlini:
506 2012 838 2053 redintegrationem.

149 2067 184 2111 ⁵)
211 2066 340 2101 Omrlcs
381 2068 460 2101 Mss.
502 2069 816 2112 „pulchritudinem
861 2070 984 2114 prioris
1027 2072 1187 2105 [οι-ωυρμ
1234 2106 1238 2110 ,

58 2111 151 2144 Libri
188 2111 268 2144 editi
308 2119 355 2156 (v.
389 2126 414 2144 c.
447 2113 523 2146 edd.
556 2113 644 2155 M.):
684 2115 998 2157 „pulchritudinem
1036 2117 1184 2161 prlorcm

60 2158 223 2189 formae.⁴‘
268 2157 308 2190 R.

150 2212 187 2256 ⁶)
212 2212 325 2246 Codd.
349 2213 564 2247 Ebroicensis
596 2223 627 2246 et
652 2213 754 2245 saneti
789 2215 1017 2249 Theudorici:
1051 2217 1120 2257 „ita
1153 2228 1187 2253 ut

61 2269 123 2290 nec
142 2258 290 2292 nominis
316 2257 386 2303 esus
411 2259 537 2292 habere
561 2258 666 2303 possit
690 2260 984 2304 appellationem.“
1029 2263 1069 2295 R.
