1427 2460
199 113 259 138 XIV
627 114 902 140 PROLEGOMENA.

196 198 363 240 tempore
386 192 641 239 pronuntiatae
657 195 738 237 sint,
762 194 907 229 nonnisi
929 197 1015 240 post
1039 204 1169 228 annum
1184 194 1321 230 Christi

192 258 269 291 245.
293 255 420 289 haberi
442 258 656 301 potuerunt,
690 255 744 290 uti
768 256 923 290 diximus
947 256 983 290 in
1009 255 1151 290 Monito
1177 256 1222 290 ad
1245 256 1321 290 Ho-

195 318 314 353 milias
339 317 375 351 in
398 317 573 351 Exodum.

723 447 780 482 111.

216 516 471 556 MONITUM
507 516 579 556 AD
621 516 878 555 ORIGENIS
917 512 1290 559 ΕΞΗΓΗΤΙΚΛ

568 588 625 628 IN
659 589 933 628 NUMEROS.

277 686 442 731 Triginta
474 686 642 731 Origenis
674 687 711 720 in
741 687 922 721 Numeros
955 686 1128 721 homilias
1158 697 1316 720 comme-

185 751 306 782 morat
330 747 575 782 Cassiodorus
607 748 760 782 Institut.
786 759 865 794 cap.
890 750 920 782 1.
968 748 1103 782 Verum
1129 750 1214 781 octo
1239 750 1316 781 tan-

186 812 261 843 tum
293 813 329 843 et
351 809 478 853 viginti
508 809 619 843 hodie
650 814 863 855 supersunt,
897 820 1047 854 quarum
1077 809 1315 854 interpretem

185 880 267 903 esse
289 870 457 904 Rufinum
486 870 601 916 liquet
632 882 652 905 e
676 871 842 916 sequenti
875 872 952 916 ejus
984 871 1162 916 prologo,
1194 871 1256 915 qui
1278 870 1316 907 in

182 930 370 976 plerisque
407 932 666 978 manuscriptis
707 932 820 966 fronti
854 933 1000 967 illarum
1033 932 1216 977 praefixus
1248 934 1312 965 est.

182 992 309 1027 Nullus
342 1003 428 1038 ergo
455 993 643 1027 dubitandi
672 994 777 1028 locus
812 999 884 1037 est,
924 994 1009 1039 quin
1032 1005 1119 1028 vere
1144 992 1314 1038 Origenis

181 1055 263 1098 sint,
284 1058 321 1089 et
342 1055 460 1089 inanis
485 1055 532 1089 sit
545 1055 710 1089 Andreae
726 1056 849 1090 Riveti
874 1055 1098 1098 observatio,
1125 1059 1313 1089 auctorem

180 1116 414 1151 homiliarum
449 1116 602 1150 istarum
636 1116 788 1151 latinum
827 1128 908 1152 esse
945 1128 992 1152 ex
1027 1128 1071 1152 eo
1115 1115 1311 1162 arguentis,

179 1178 278 1223 quod
300 1177 454 1212 homilia
478 1177 694 1212 duodecima
725 1178 932 1213 differentia
953 1182 1101 1213 notetur
1130 1179 1226 1212 inter
1250 1187 1313 1210 ex-

179 1240 315 1275 cudere
346 1243 382 1273 et
413 1238 602 1281 excidere3
639 1250 751 1283 quae,
785 1245 825 1274 ut
857 1241 950 1274 scite
974 1240 1025 1274 ait
1048 1238 1202 1273 Huetius
1228 1237 1313 1271 Ori-

176 1301 317 1346 genian.
349 1301 412 1335 lib.
437 1301 493 1334 III.
518 1305 606 1334 sect.
630 1303 662 1336 3.
696 1314 729 1336 n.
754 1304 803 1344 4.,
848 1302 921 1336 soli
950 1301 1071 1337 Rufini
1100 1299 1311 1345 interpretis

176 1362 441 1397 munificentiae
473 1367 626 1408 accepta
656 1363 848 1397 referenda
883 1367 975 1397 sunt.
1030 1362 1140 1405 Quod
1173 1361 1206 1395 si
1230 1361 1311 1406 quis

177 1424 327 1470 insuper
352 1423 505 1468 objiciat
531 1425 727 1469 Origenem
759 1424 911 1459 homilia
942 1425 979 1458 in
1000 1423 1199 1458 Jeremiam
1223 1423 1311 1456 duo-

175 1486 317 1520 decima
347 1486 565 1531 promittere
591 1497 630 1520 se
656 1487 699 1520 de
724 1486 1016 1521 sacerdotalibus
1047 1483 1311 1519 benedictioni-

175 1548 260 1591 bus,
293 1558 386 1592 quae
410 1548 447 1581 in
471 1548 640 1582 Numeris
667 1547 916 1590 continentur,
954 1547 1181 1588 locuturum,
1220 1543 1310 1579 nihil

172 1620 260 1644 vero
285 1610 398 1644 hodie
423 1609 606 1654 ejusmodi
636 1609 673 1643 in
696 1609 886 1644 Rufiniana
915 1609 1137 1643 collectione
1161 1617 1310 1653 compa-

171 1683 274 1714 rere,
306 1670 426 1705 facilis
452 1675 508 1705 est
537 1672 753 1717 responsio,
785 1682 916 1717 nempe
939 1670 998 1705 vel
1021 1670 1193 1706 homilias
1216 1668 1307 1702 istas

171 1744 240 1779 pro
266 1732 530 1774 consuetudine
556 1743 621 1767 sua
646 1734 857 1767 decurtasse
883 1737 917 1766 et
942 1732 1187 1778 interpolasse
1210 1730 1307 1764 Rufi-

172 1804 274 1837 uum3
295 1794 354 1828 vel
369 1793 509 1838 aliquas
523 1795 603 1838 jam
619 1794 735 1841 ipsius
754 1798 874 1828 aetate
889 1793 1089 1836 excidisse;
1112 1791 1182 1833 vel,
1208 1791 1306 1836 quod

170 1855 404 1890 verisimilius
449 1858 523 1897 est,
573 1856 617 1889 de
656 1855 948 1890 sacerdotalibus
986 1853 1306 1889 benedictionibus

170 1917 421 1951 Adamantium
443 1916 661 1950 disseruisse
684 1917 722 1950 in
747 1917 924 1951 alterutra
944 1927 964 1950 e
979 1915 1119 1950 duabus
1143 1913 1305 1948 homiliis

169 1978 387 2024 deperditis,
414 1989 505 2023 quae
529 1990 718 2012 numerum
743 1979 941 2024 explebant
966 1977 1113 2022 triginta
1135 1975 1304 2010 homilia-

168 2050 261 2082 rum,
287 2049 375 2084 quas
400 2039 645 2074 Cassiodorus
670 2039 769 2074 vidit.

256 2101 410 2134 Praeter
434 2100 621 2143 homilias,
655 2101 799 2135 scholia
829 2101 939 2134 etiam
971 2111 1035 2134 seu
1066 2102 1242 2145 excerpta
1265 2098 1302 2133 in

168 2163 348 2196 Numeros
373 2161 486 2197 edidit
506 2163 705 2208 Origenes„
721 2164 785 2196 sed
808 2162 845 2196 in
868 2172 976 2195 unum
1000 2161 1052 2195 ita
1074 2171 1157 2195 cum
1182 2161 1299 2195 homi-

165 2224 226 2258 liis
258 2224 435 2270 permista
458 2228 541 2258 sunt
572 2225 617 2258 ab
649 2224 850 2270 interprete
879 2223 1029 2264 Rufino,
1068 2233 1149 2257 cum
1187 2221 1300 2257 latine

166 2290 321 2332 utraque
336 2289 506 2330 verteret,
532 2290 570 2321 ut
586 2297 655 2333 pro
672 2287 802 2322 eodem
820 2285 950 2320 haberi
966 2287 1127 2331 possent.
1152 2284 1297 2329 „Quae-
