1427 2460
324 70 361 96 m
384 61 562 95 Nummos
584 59 745 93 HommA
762 58 890 92 XXIII.
1111 59 1179 94 285

47 153 190 201 jactatur
213 151 249 185 in
273 150 406 190 coelos,
438 158 470 183 et
499 149 534 182 in
559 148 623 183 illis
650 148 857 189 collocatur,
889 147 1023 193 quae¹)
1059 149 1178 182 oculus

48 228 120 248 non
145 213 238 254 vidit,
261 226 323 246 nec
349 212 436 246 auris
461 211 604 251 audivit,
631 224 694 244 nec
717 211 753 244 in
779 224 839 243 cor
864 208 1012 243 hominis
1035 210 1176 242 adscen-

49 278 188 316 derunt,
218 276 300 307 haec
332 273 447 307 omnia
479 285 595 306 carnes
618 281 696 306 sunt
718 271 824 306 Verbi
848 271 933 305 Dei:
972 270 1095 315 quibus
1118 271 1176 316 qui

48 346 158 383 potest
181 336 333 380 perfecto
357 334 531 368 intellectu
556 334 659 373 vesci,
691 343 723 367 et:
754 334 860 367 corde
888 332 1086 378 purificato,
1117 333 1176 366 ille

49 410 124 430 vere
146 396 326 430 festivitatis
350 395 500 429 Paschae
521 395 677 429 immolat
698 395 918 435 sacrificium,
949 403 981 427 et
1012 394 1101 427 diem
1126 395 1175 427 fe-

47 468 135 492 stum
160 457 225 501 agit
249 471 326 491 cum
351 457 439 496 Deo,
464 467 495 490 et
518 457 641 499 angelis
667 456 747 503 ejus.

137 520 168 554 7.
213 519 296 552 Post
318 519 417 558 hanc,
440 519 511 552 imo
538 518 733 552 continuata
757 518 836 552 huic
855 517 1010 552 festivitas
1026 517 1177 562 sequitur

48 593 262 628 azymorum,
293 594 395 625 quam
417 581 537 613 merito
563 579 766 620 celebrabis,
795 579 822 613 si
853 579 1049 613 extermines
1074 592 1176 611 omne

49 644 253 676 fermentum
276 642 431 682 malitiae,
456 652 487 676 et
509 642 679 687 nequitiae
703 643 744 674 ab
770 642 883 675 anima
906 650 982 681 tua,
1007 650 1038 673 et
1061 654 1176 687 azyma

49 704 254 745 sinceritatis,
278 703 491 749 veritatisque
515 703 692 738 custodias.
735 704 853 748 Neque
871 703 961 736 enim
984 704 1175 747 putandum

50 775 114 805 est,
140 765 409 810 omnipotentem
432 765 547 798 Deum
578 767 664 808 leges
695 765 877 809 homini2)
909 777 974 809 pro
1006 765 1176 797 fermento

48 827 213 866 scribere,
237 836 268 859 et
289 836 470 871 propterea
494 826 613 873 jubere
637 827 850 860 exterminari
874 827 1022 859 animam
1047 825 1089 857 de
1112 838 1178 869 po-

47 889 132 933 pulo
161 900 244 928 suo,
274 888 302 921 si
336 901 402 932 qua
424 889 512 921 forte
535 901 657 933 parurn
681 889 809 933 aliquid
833 887 991 921 fermenti
1015 886 1116 932 hujus
1140 899 1179 919 ex

47 948 156 990 farina
191 950 362 994 conspersi
395 949 430 983 in
466 951 572 983 domo
609 964 668 984 sua
701 949 858 983 habuisse
895 948 1178 994 deprehenditur:

48 1023 191 1055 eamque
215 1024 332 1044 curam
363 1023 571 1056 magnopere
603 1012 704 1046 fuisse
736 1011 870 1045 divinae
897 1010 1079 1056 majestati,
1111 1022 1179 1054 qua

47 1071 206 1105 fermenti
228 1071 327 1117 hujus
352 1086 449 1106 causa
471 1073 508 1106 in
531 1083 663 1106 tantum
686 1086 721 1106 se
746 1072 835 1106 dicat
859 1072 1007 1112 offendi,
1037 1081 1076 1104 ut
1106 1071 1177 1104 ani-

48 1146 159 1173 mam,
189 1146 290 1178 quam
314 1133 386 1178 ipse
410 1135 452 1167 ad
475 1134 656 1176 imaginem
680 1144 711 1167 et
733 1133 988 1168 similitudinem
1011 1146 1105 1168 suam
1129 1135 1180 1167 se-

50 1194 105 1235 cit,
128 1195 341 1228 exterminari
363 1207 427 1239 pro
454 1195 519 1228 hoc
543 1194 668 1241 jubeat,
693 1204 724 1228 et
748 1196 860 1234 everti,
883 1209 956 1228 non
979 1195 1062 1228 mihi
1085 1194 1180 1228 vide-

50 1265 107 1289 tur
129 1257 212 1289 haee
237 1255 355 1288 divinis
379 1256 508 1297 legibus
532 1256 631 1298 digna
656 1270 725 1290 esse
747 1256 982 1299 intelligentia:
1012 1258 1070 1290 sed
1093 1257 1179 1291 illud

49 1317 153 1359 magis
185 1325 250 1357 est,
284 1318 378 1361 quod
410 1318 592 1358 horrescit,
623 1328 654 1351 et
676 1318 799 1352 merito
824 1319 990 1352 horrescit
1011 1318 1120 1359 Deus,
1152 1318 1180 1352 si

48 1379 208 1419 malitiae,
231 1378 257 1412 si
279 1378 366 1417 irae,
390 1378 417 1411 si
439 1380 610 1424 nequitiae
632 1379 750 1425 spiritu
774 1381 1034 1413 infermentetur
1057 1381 1181 1421 anima,

49 1448 82 1473 et
109 1440 312 1473 intumescat
341 1440 385 1473 ad
414 1440 547 1483 flagitia,
593 1441 688 1474 Haec
717 1455 790 1474 non
819 1442 893 1475 vult
916 1454 984 1475 esse
1008 1442 1042 1476 in
1068 1442 1180 1476 anima

49 1503 160 1543 Deus,
190 1512 222 1537 et
249 1502 316 1535 tale
344 1502 549 1536 fermentum
573 1503 638 1536 nisi
664 1502 884 1548 abjecerimus
909 1503 951 1536 de
976 1504 1082 1537 domo
1108 1504 1181 1537 ani-

49 1577 127 1598 mae
147 1572 293 1602 nostrae,
314 1564 436 1597 merito
461 1564 815 1610 exterminabimur.³)
862 1565 931 1599 Sed
955 1578 999 1598 ne
1025 1575 1179 1599 contem-

48 1639 128 1666 nas,
154 1624 280 1659 etiamsi
309 1637 447 1669 parvam
479 1625 599 1659 videris
622 1626 709 1660 intra
732 1636 765 1660 te
788 1627 983 1660 fermentari
1005 1627 1179 1668 malitiam,

49 1687 128 1733 quia
152 1686 326 1720 modicum
350 1686 508 1719 fermenti
531 1696 635 1720 totam
660 1700 802 1721 massam
821 1687 1028 1732 corrumpit:
1052 1698 1083 1721 et
1100 1689 1178 1723 ideo

49 1761 161 1793 neque
185 1749 228 1781 de
251 1761 356 1792 parvo
381 1757 521 1792 peccato
546 1749 710 1791 negligas,
742 1748 904 1793 quoniam
938 1761 976 1782 ex
998 1763 1070 1782 uno
1097 1763 1179 1794 pec—-

51 1820 127 1844 cato
153 1819 329 1853 generatur
353 1818 385 1843 et
408 1810 510 1844 aliud.
557 1811 652 1844 Sicut
676 1811 766 1843 enim
792 1823 829 1844 ex
852 1809 976 1856 justitia
1000 1822 1179 1853 generatur

49 1870 193 1918 justitia,
220 1880 252 1904 et
274 1884 312 1904 ex
335 1870 469 1905 castitae
492 1871 636 1906 castitas:
658 1892 700 1897 —
730 1872 757 1906 si
781 1873 854 1918 quis
879 1872 968 1905 enim
992 1872 1106 1916 primo
1129 1882 1179 1906 te-

49 1933 161 1966 nuiter
198 1941 303 1967 castus
341 1945 409 1966 esse
446 1933 612 1978 coeperit,
647 1943 786 1979 accepto
822 1933 976 1968 castitatis
1009 1934 1177 1969 fermento

144 2078 179 2122 ¹)
205 2078 275 2111 Cfr.
301 2078 317 2111 I
342 2079 423 2113 Cor.
446 2080 490 2120 Π,
511 2081 545 2116 9.
569 2080 646 2114 coll.
671 2080 773 2116 Jesai.
795 2079 917 2121 LXIV,
939 2081 971 2115 4.

141 2133 179 2177 ²)
203 2134 290 2167 Edd.
315 2134 470 2168 Merlini:
495 2135 651 2171 hominis.

139 2189 177 2232 ³)
202 2189 291 2224 Cod.
314 2190 419 2224 sancti
443 2191 672 2226 Theudorici:
707 2193 1012 2234 „exterminabitur,
1042 2193 1100 2227 sed
1135 2206 1178 2227 ne

51 2243 256 2275 contemnas,
281 2236 409 2270 etiamsi
432 2250 554 2281 parum
578 2237 699 2271 videris
709 2242 728 2258 ‘²
753 2249 811 2272 etc.
850 2239 891 2274 R.
