1427 2460
367 76 404 99 m
427 66 606 99 Nummos
628 64 788 97 HomluA
804 64 882 97 ΧΠ.
1129 67 1195 101 139

66 157 199 199 regibus
223 164 448 201 comparetur.
496 154 658 198 Princeps
682 162 794 187 autem
822 153 946 187 dicitur
967 155 1099 194 mundi,
1122 167 1195 188 non

66 219 147 263 quia
171 218 329 252 creaverit
351 216 530 256 mundum,
554 216 613 249 sed
638 214 716 260 quia
728 215 826 248 multi
838 215 965 249 suntin
981 215 1048 249 hoc
1060 219 1193 250 mundo

65 289 265 325 peccatores.
312 277 446 311 Peccati
471 286 582 311 autem
607 276 685 322 quia
708 276 780 321 ipse
802 276 959 322 princeps
985 287 1041 317 est,
1064 277 1143 312 ideo
1159 278 1194 323 ¹)

66 342 165 376 etiam
190 341 310 374 mundi
332 339 489 385 princeps
513 340 701 384 appellatus
726 349 789 372 est:
804 338 857 380 *in
879 338 919 372 iis
941 338 1114 380 videlicet,
1137 339 1195 385 qui

63 402 219 436 nondum
251 401 478 446 relinquentes
510 403 679 434 mundum
710 407 954 434 convertuntur
985 401 1027 433 ad
1051 411 1193 445 patrem.

63 463 260 496 Secundum
286 464 353 497 hoc
379 463 466 496 enim
500 463 599 496 etiam
622 463 707 496 illud
738 461 871 501 dicitur,
904 461 982 506 quia
1011 463 1146 502 „omnis
1157 463 1195 506 ²)

61 525 213 557 mundus
234 524 268 557 in
288 524 438 567 maligno
457 526 585 569 positus
602 529 680 560 est.“
717 524 813 568 Quid
834 523 923 556 enim
940 523 1040 557 nobis
1055 525 1197 568 prodest

62 585 185 626 dicere,
210 586 288 630 quia
311 587 470 631 princeps
493 595 609 619 noster
625 585 777 620 Christus
804 595 861 624 est,
883 585 911 618 si
932 587 1032 619 rebus
1055 595 1088 619 et
1112 598 1196 630 ope-

62 645 156 680 ribus
181 659 378 688 arguamur,
409 647 487 692 quia
520 648 677 681 diabolus
700 646 930 692 principatum
955 656 1046 680 tenet
1068 646 1105 679 in
1128 661 1195 680 no—

61 707 139 741 bis?
164 700 233 741 A⁸ut
253 722 326 742 non
352 710 468 753 pal'am
491 718 552 748 est,
583 711 646 742 sub
671 722 740 754 quo
764 708 921 753 principe
946 717 1020 749 agat
1042 708 1194 753 impudi-

64 782 138 809 cus,
169 769 331 810 incestus,
366 780 398 803 et
428 770 595 816 injustus?
643 770 818 814 Numquid
857 779 966 815 potest
996 768 1195 814 hujusmodi

61 831 168 864 homo
195 832 318 870 dicere,
342 832 419 876 quia
444 833 507 864 sub
535 831 671 865 Christo
696 831 826 877 positus
852 831 935 864 haec
961 831 1038 874 ag'o,
1064 831 1194 864 etiamsi

60 893 123 925 sub
150 891 274 925 Christi
308 893 448 926 nomine
480 893 607 926 censeri
638 892 815 926 videatur?
860 894 899 926 In
936 907 1004 938 quo
1041 893 1196 927 Christus

59 953 288 998 principatum
316 954 417 996 gerit,
446 955 539 987 nulla
565 955 614 987 ibi
636 954 870 994 immunditia,
910 956 1006 988 nulla
1036 954 1195 999 iniquitas

61 1014 266 1056 admittitur,
298 1020 370 1049 nec'
386 1017 510 1049 habere
543 1017 691 1061 aliquem
714 1017 830 1049 locum
854 1025 966 1061 potest
988 1014 1111 1061 injusta
1136 1030 1196 1049 cu-

59 1075 193 1120 piditas.
247 1077 445 1110 Secundum
483 1077 575 1109 hunc
605 1076 720 1122 itaque
751 1078 895 1110 modum
925 1068 1015 1110 reete
1040 1087 1071 1110 et
1096 1077 1197 1110 Chri—

59 1145 128 1170 stus
152 1138 313 1171 virtutum
338 1138 508 1182 princeps,
532 1147 563 1171 et
587 1137 744 1172 diabolus
767 1138 917 1171 malitiae
941 1151 980 1171 ac
1004 1139 1107 1172 totius
1129 1139 1196 1172 ini-

60 1198 194 1242 quitatis
227 1199 366 1231 dicetur.
430 1198 533 1231 Mittit
563 1199 662 1240 igitur
701 1201 801 1233 lsrael
830 1201 956 1242 legatos
999 1202 1041 1233 ad
1082 1213 1194 1243 regem

59 1260 364 1299 Amorrhaeorum,
388 1272 500 1302 regem
524 1260 559 1293 in
587 1261 811 1295 amaritudine
834 1261 1108 1306 provocantium,
1141 1275 1195 1295 re-

58 1334 132 1363 gem
156 1321 416 1360 infructuosum,
439 1334 551 1363 regem
575 1322 774 1366 superbum.
812 1322 1003 1365 Quomodo
1020 1324 1196 1368 superbus,

58 1384 238 1426 quomodo
264 1383 369 1416 elatus
393 1383 573 1417 docebitur
597 1382 779 1416 diabolus?
825 1383 900 1428 lpse
925 1394 988 1424 est,
1013 1384 1071 1429 qui
1095 1385 1196 1418 dixit:

57 1442 200 1482 „virtute
213 1443 250 1486 3)
274 1456 349 1476 mea
373 1443 515 1484 faciam,
549 1444 773 1488 et-sapientia
798 1445 988 1479 intellectus
1012 1446 1079 1479 mei
1103 1447 1197 1480 aufe-

57 1517 131 1538 ram
155 1504 238 1538 fines
262 1506 431 1546 gentium,
468 1516 500 1539 et
529 1506 767 1539 fortitudinem
800 1519 919 1539 eorum
946 1509 1196 1552 depraedabor,

58 1575 91 1598 et
115 1568 344 1599 commovebo
369 1567 532 1608 civitates,
558 1580 645 1612 quae
669 1567 919 1607 inhabitantur,
945 1579 976 1602 et
999 1569 1195 1603 universum

59 1628 180 1661 orbem
204 1637 313 1662 terrae
331 1629 460 1674 capiam
481 1643 586 1662 manu
609 1642 685 1662 mea
710 1630 796 1663 sicut
818 1629 972 1663 nidum.“
1005 1630 1050 1663 Et
1072 1631 1194 1664 iterum

58 1687 143 1722 dicit
175 1690 280 1722 elatus
299 1689 366 1724 ·hic
398 1701 430 1724 et
461 1692 650 1736 superbusz
677 1691 902 1732 „adscendam
917 1691 949 1734 ⁴)
983 1691 1020 1724 in
1051 1694 1196 1732 coelum,

58 1747 162 1794 supra
192 1751 302 1784 sidera
339 1752 425 1785 coeli
459 1766 587 1797 ponam
618 1753 783 1786 thronum
816 1766 942 1786 meum.
998 1753 1136 1786 Sedebo
1161 1755 1194 1786 in

58 1820 176 1844 monte
207 1813 355 1852 excelso,
392 1805 498 1857 supra
525 1823 659 1846 montes
685 1814 782 1854 altos,
807 1814 864 1858 qui
887 1824 966 1848 sunt
988 1815 1032 1847 ad
1062 1814 1198 1859 aquilo—

57 1886 151 1912 nem,
174 1873 380 1906 adscendam
410 1887 510 1918 supra
536 1876 664 1915 nubes,
704 1884 736 1907 et
768 1888 826 1908 ero
857 1875 973 1908 similis
1003 1876 1197 1910 altissimo-‘⁶

59 1935 182 1983 Adhuc
206 1935 367 1979 requiris,
391 1934 418 1968 si
439 1935 512 1979 ipse
534 1934 575 1967 sit
598 1936 720 1975 elatus,
747 1946 778 1969 et
800 1935 990 1980 superbus?
1035 1937 1110 1970 Imo
1133 1950 1199 1982 po-

59 1996 123 2030 tius
147 2006 179 2030 et
201 1997 274 2041 ipse
299 1997 466 2041 superbus
492 2006 539 2029 cst
563 2006 595 2030 et
619 1998 740 2036 elatus,
766 2007 797 2031 et
821 1998 895 2037 ille,
921 1999 981 2042 qui
1004 1999 1096 2044 quasi
1121 1998 1198 2032 uui·

152 2135 188 2178 ¹)
212 2135 301 2169 Edd.
325 2134 485 2169 Merlini:
513 2146 543 2168 et
567 2136 644 2170 ideo
671 2146 731 2170 etc.

153 2191 190 2235 ²)
213 2192 228 2223 I
250 2191 376 2226 Joann.
404 2193 444 2232 V,
470 2192 523 2226 19.
619 2193 657 2235 3)
681 2193 779 2227 Jesai.
805 2194 848 2234 X,
873 2195 926 2229 13.
954 2195 1003 2227 14.

154 2247 190 2289 ⁴)
215 2247 315 2281 Jesai.
340 2248 433 2287 XIV,
459 2249 511 2283 13.
537 2249 588 2282 14.
