1427 2460
344 83 380 105 m
403 73 580 106 Nummos
604 73 764 105 ΗοΜηιΑ
784 73 895 106 XXII.
1118 74 1186 109 269

18 156 28 170 ''
62 165 195 202 fratres,
233 175 270 195 ex
300 162 486 196 imitatione
516 172 705 210 ceterorum
738 163 854 195 eadem
889 162 1044 196 videntur
1079 176 1185 205 agero,

62 237 149 269 quae
174 233 204 257 et
219 224 267 256 illi
284 233 394 266 agunt,
419 224 476 268 qui
496 224 667 256 intellectu
686 224 830 268 proprio
847 234 1036 257 moventur.
1074 225 1186 257 Datur

16 312 19 317 ,
62 286 159 319 etiam
193 284 257 318 istis
288 285 401 318 tertius
426 285 638 318 haereditatis
661 287 724 318 sub
747 286 845 318 titulo
870 288 1012 318 fratrum
1036 285 1186 319 nominis

60 348 190 388 gradus.
248 346 397 390 Quartus
433 360 530 387 vcro,
570 360 669 391 quem
710 349 844 379 fratrem
883 346 986 391 patris
1022 346 1185 386 nominat,

60 417 169 452 potest
191 408 336 441 fortassis
360 408 497 450 intelligi
522 408 580 440 ille
605 410 691 441 ordo
717 408 912 447 hominum,
948 408 1006 452 qui
1030 409 1142 441 audita
1167 421 1184 440 a

59 469 216 512 patribus,
241 479 272 502 et
294 480 443 503 veterum
469 470 662 502 narratione
679 479 833 513 suscepta
851 479 1018 503 conantur
1033 470 1186 514 implere,

60 538 90 561 et
112 543 182 562 non
204 540 273 563 tam
292 531 438 576 propriis
453 530 603 565 sensibus
616 530 712 570 moti,
736 544 797 563 nec
813 531 995 574 praesentis
1011 532 1186 565 doctrinae

57 592 381 626 commonitionibus
414 593 560 632 excitati,
596 605 697 636 quam
728 601 876 625 veterum
912 594 962 625 vel
993 593 1185 631 traditione,

14 667 17 681 c
59 652 108 684 vel
133 655 377 686 consuetudine
399 655 471 687 sola
494 654 644 693 instituti,
668 654 752 686 boni
777 662 890 686 tamen
914 653 1040 698 aliquid
1057 663 1185 695 gerunt.

57 714 205 747 Ultimus
236 728 314 747 vero
348 717 468 756 gradus
499 716 656 748 scribitur
692 716 766 754 ille,
807 715 863 759 qui
903 715 1057 758 quolibet
1086 724 1185 759 pacto

12 770 15 776 ¹
57 774 183 819 huic')
215 776 388 820 proximus
418 777 533 809 suerit:
568 776 661 821 quasi
690 776 716 810 si
742 776 878 815 diceret,
903 777 970 808 sive
998 775 1187 814 occasione,

56 835 123 868 sive
146 836 282 870 veritate
311 837 484 870 doctrinae
514 838 541 870 si
572 839 645 883 quis
678 837 805 882 aliquid
836 837 921 870 boni
952 837 1084 872 feccrit,
1114 850 1185 869 non

7 934 10 941 ν
57 889 182 940 peribit
204 898 288 931 boni
314 900 423 944 operis
447 913 590 940 merces,
622 900 680 932 sed
705 899 865 942 largiente
889 899 1043 931 Domino
1068 899 1185 931 locum

7 954 9 963 ¹
56 959 268 993 haereditatis
292 961 441 1005 accipiet.
490 960 583 994 Haec
608 962 745 1005 quidem
771 975 788 994 a
813 961 912 994 nobis
936 961 1097 992 audacter
1113 961 1184 992 sor-

57 1020 147 1054 tassis
176 1031 385 1065 praesumta,
416 1032 448 1055 et
476 1023 511 1055 in
543 1023 695 1055 medium
725 1024 857 1067 prolata
890 1021 1083 1060 videantur,
1114 1033 1185 1053 non

56 1091 169 1115 tamen
195 1082 256 1116 erit
288 1083 491 1124 absurdum,
526 1083 553 1116 si
583 1083 810 1128 spiritualibus
840 1082 1024 1128 spiritualia
1053 1094 1185 1126 propo-

57 1153 182 1183 nentes,
205 1145 394 1178 secretioris
419 1157 475 1178 eos
497 1144 737 1188 intelligentiae
762 1147 999 1184 aemulatores,
1024 1144 1184 1188 cupidos-

55 1217 121 1249 que
143 1206 336 1241 reddamus.

144 1266 177 1299 3.
225 1265 306 1300 Post
330 1267 412 1299 haec
429 1267 565 1301 historia
581 1269 734 1308 refertur,
758 1277 789 1301 et
804 1268 997 1301 narratione
1012 1266 1186 1304 mirabilis,

56 1335 88 1359 et
119 1326 291 1360 intellectu
319 1328 504 1368 magnifica.
563 1329 709 1363 Ponitur
740 1330 848 1370 enim,
881 1329 1058 1374 quomodo
1091 1329 1185 1359 Deus

55 1387 175 1421 dixerit
197 1390 239 1422 ad
263 1389 397 1430 Mosen,
421 1399 458 1422 ut
476 1391 694 1424 adscenderet
717 1390 753 1423 in
771 1400 933 1430 montem,
957 1400 990 1423 et
1007 1390 1087 1422 inde
1106 1401 1184 1421 cum

56 1449 294 1495 prospexisset,
327 1460 358 1484 et
387 1448 525 1484 intuitus
558 1451 671 1485 fuisset
695 1465 832 1485 omnem
856 1461 981 1485 terram
1002 1450 1185 1496 repromis-

54 1512 169 1554 sionis,
192 1512 242 1546 -ibi
257 1514 503 1554 defungeretur.
553 1513 621 1546 Sed
634 1514 701 1553 ille,
727 1514 785 1558 qui
800 1513 922 1558 populi
940 1526 1054 1546 curam
1071 1511 1184 1554 magis,

56 1587 156 1618 quam
182 1574 233 1607 sni
257 1584 394 1616 gereret,
421 1583 496 1607 orat
520 1576 563 1607 ad
586 1575 712 1615 Deum,
736 1584 774 1607 ut
796 1576 975 1620 provideat
998 1574 1185 1613 hominem,

56 1635 114 1678 qui
138 1646 228 1678 regat
251 1637 419 1680 populum
452 1636 569 1669 lsrael:
605 1637 725 1681 „11e²)
756 1636 829 1676 fiat,
860 1636 988 1682 inquit,
1017 1648 1185 1683 synagoga

54 1696 138 1729 haec
160 1696 246 1730 sicut
270 1710 357 1737 oves,
383 1697 502 1742 quibus
525 1711 597 1730 non
621 1708 667 1732 est
685 1703 834 1743 pastor.“
868 1699 956 1731 Vide
978 1710 1055 1739 ergo
1070 1696 1182 1741 primo

57 1757 222 1798 omnium,
246 1760 442 1803 quomodo,
476 1759 533 1804 qui
556 1760 724 1803 perfectus
749 1768 780 1792 et
802 1760 919 1792 beatus
950 1763 1013 1799 est,
1043 1772 1116 1792 non
1146 1758 1183 1790 in

57 1819 161 1860 valle,
189 1833 251 1852 nec
274 1820 309 1852 in
333 1820 444 1865 aliqua
467 1830 574 1854 terrae
596 1820 754 1865 planitie,
784 1831 841 1854 aut
871 1821 907 1853 in
938 1821 1025 1854 colle
1057 1820 1184 1864 aliquo,

55 1881 114 1913 sed
137 1880 173 1913 in
196 1890 324 1923 monte,
346 1882 381 1914 id
406 1891 463 1924 est,
484 1883 520 1915 in
543 1883 610 1915 alto
636 1891 670 1915 et
691 1882 726 1915 in
750 1884 859 1915 arduo
877 1883 1071 1924 defungitur
1092 1883 1181 1914 loco.

55 1940 152 1975 Vitae
180 1955 328 1988 namque
358 1942 428 1989 ejus
458 1943 706 1978 consummatio
738 1952 770 1978 et
799 1943 961 1989 perfectio
993 1944 1183 1977 habebatur

150 2131 186 2175 ¹)
209 2132 289 2166 Mss.
313 2133 412 2172 „huic
435 2147 618 2178 proximus
621 2139 642 2156 ‘⁴
663 2134 758 2169 Libri
789 2134 868 2168 editi
896 2134 944 2179 (V.
959 2148 987 2168 c.
1001 2134 1077 2167 edd.
1094 2132 1180 2177 M.:)

53 2175 114 2216 „iis
135 2190 317 2221 proximus
320 2183 339 2197 ‘⁶
375 2179 413 2212 R.

142 2234 179 2277 ²)
204 2235 302 2269 Num.
328 2235 536 2276 XXV1,17.
