1427 2460
202 40 268 90 1Q4
679 43 857 78 Omcnms

204 144 256 171 se,
287 131 345 176 qui
375 133 464 164 male
489 132 572 173 agit,
608 145 672 166 nec
704 133 879 178 perveniat
908 133 950 166 ad
984 146 1062 166 eum
1094 134 1164 180 ipsa
1189 133 1335 168 vindicta

203 192 292 225 male
323 202 494 235 gestorum
527 207 678 227 suorum.
731 195 811 227 Non
844 207 919 236 erga
950 194 995 227 ita
1019 194 1113 228 Deus
1144 205 1263 240 terret,
1299 205 1337 229 ut

203 254 328 287 homo:
354 254 461 287 homo
487 255 588 295 enim,
612 264 651 288 ut
674 255 828 296 diximus,
850 269 915 301 pro
940 256 1115 302 jactantia,
1137 256 1233 290 Deus
1254 269 1335 290 vero

202 329 267 360 pro
293 316 533 349 emendatione
555 325 669 351 terret.

292 377 322 410 4.
348 376 432 410 Post
455 378 538 411 haec
564 379 625 411 ait:
666 379 762 424 „ipse
778 379 812 425 ¹)
838 393 914 413 cum
947 379 1083 420 dixerit,
1117 392 1189 413 non
1212 378 1335 413 faciet?

203 439 380 482 loquetur,
415 448 447 471 et
478 453 547 473 non
580 441 846 486 permanebit?“
893 440 949 474 Sic
974 441 1135 484 legendus
1160 450 1208 475 est
1230 442 1338 481 locus,

205 499 299 543 quasi
331 500 568 544 interrogantis
606 503 731 535 affectu
761 502 867 536 dicat:
920 502 1011 547 ipse,
1048 504 1114 536 hoc
1146 512 1211 543 est,
1241 503 1337 537 Deus

204 562 299 606 quod
324 561 415 602 dicit,
439 576 556 596 nonne
581 573 613 596 et
635 563 758 598 faciet?
782 573 813 597 et
829 577 915 609 quae
931 564 1068 597 locutus
1084 565 1196 604 fuerit,
1219 576 1338 597 nonne

202 624 417 667 permanebit
450 624 483 657 in
518 625 578 659 iis?
631 624 721 658 Cum
749 624 867 670 utique
899 625 1054 659 homines
1090 639 1161 659 nou
1200 625 1337 665 faciant,

203 698 290 729 quae
314 686 449 726 dicunt,
475 695 506 719 et
529 686 608 720 vitio
634 687 803 721 humanae
827 687 1012 730 fragilitatis
1035 687 1071 720 in
1094 688 1134 720 iis
1159 700 1232 720 non
1256 700 1334 732 per·

201 757 378 787 maneant,
413 761 499 793 quae
531 749 738 794 loquuntur:
782 749 953 783 mutabilis
994 750 1082 782 enim
1130 758 1179 783 est
1217 749 1336 796 houm,

203 809 298 842 Deus
323 802 401 842 vero
427 810 657 850 immutabilis.
715 811 783 844 Sed
808 820 920 856 potest
944 811 1064 856 aliquis
1089 824 1279 850 occurrere,
1304 819 1337 844 et

204 870 334 904 dicere:
367 872 546 917 quomodo
572 884 650 914 ergo
684 885 754 905 nou
779 872 964 917 permansit
985 872 1081 905 Deus
1102 872 1136 905 in
1161 871 1218 913 iis,
1249 886 1337 918 quae

203 933 337 966 locutus
362 922 460 978 esth)
485 934 528 966 de
552 933 682 973 Ninive,
715 943 751 967 ut
783 943 861 979 post
884 934 1035 967 triduum
1061 933 1338 968 subverteretur?

201 1006 315 1038 neque
344 995 378 1027 in
411 994 469 1035 iis,
502 1000 588 1040 quae
613 996 746 1028 locutus
772 1004 819 1028 est
844 995 935 1039 de3)
970 996 1101 1035 David,
1139 996 1198 1029 ubi
1229 994 1337 1028 tribus

204 1056 323 1088 diebus
351 1057 517 1101 promissa
549 1058 658 1089 fuerat
688 1070 798 1096 mors,
836 1066 874 1088 ut
904 1066 1047 1090 vastaret
1077 1056 1266 1102 populum,
1304 1065 1337 1089 et

202 1116 289 1149 intra
321 1131 429 1150 unum
463 1117 569 1157 diem,
599 1102 641 1150 §et
663 1131 771 1162 nsque
795 1118 838 1150 ad
862 1118 983 1150 horam
1008 1118 1143 1162 prandii
1174 1117 1337 1166 cessavit?

202 1179 247 1210 Et
272 1178 439 1212 videbitur
462 1179 628 1219 fortassis,
662 1179 740 1224 quia
766 1179 868 1219 haec,
903 1192 989 1224 quae
1012 1192 1074 1224 per
1097 1179 1337 1222 interrogatio-

203 1253 280 1272 nem
307 1241 482 1279 dicuntur,
513 1254 585 1275 non
609 1241 743 1286 penitus
771 1255 836 1286 pro
862 1241 1003 1278 definito
1031 1239 1227 1285 accipienda
1252 1239 1335 1273 sint:

202 1302 258 1335 sed
284 1302 356 1336 talis
380 1304 548 1347 quaedam
572 1302 679 1344 figura
703 1301 798 1334 verbi
821 1301 880 1343 sit,
915 1315 1002 1347 quae
1032 1301 1183 1335 medium
1208 1299 1336 1346 aliquid

203 1363 355 1396 videatur
381 1364 574 1403 ostendere,
604 1376 676 1395 non
710 1372 824 1395 tamen
858 1363 1015 1397 definitae
1047 1372 1079 1395 et
1108 1361 1338 1395 irrevocabilis

201 1425 388 1459 sententiae
413 1424 608 1467 declareffl)
632 1425 812 1457 affectum:
846 1437 915 1469 quo
940 1424 1185 1468 temperantius
1208 1422 1337 1468 aliquid

203 1489 330 1521 dictum
355 1487 509 1520 videatur
532 1485 564 1518 in
591 1498 651 1524 eo,
687 1487 782 1530 quod
805 1485 967 1529 scriptum
997 1496 1060 1518 est:
1094 1485 1235 1530 „ipse⁵)
1258 1498 1336 1518 cum

203 1548 332 1588 dixerit,
356 1561 474 1581 noune
498 1545 648 1580 faciet?“
672 1559 773 1591 quam
799 1547 826 1580 si
849 1547 1013 1591 scriptum
1039 1556 1136 1580 esset:
1160 1546 1232 1591 ipse
1257 1559 1334 1579 cum

203 1610 332 1649 dixerit,
357 1609 574 1647 omnimode
598 1608 705 1642 faciet.
756 1610 1060 1642 Sedrecenseamus
1091 1617 1123 1641 et
1152 1608 1222 1653 ipsa
1246 1607 1338 1642 Scri-

202 1682 325 1717 pturae
350 1673 444 1711 loca,
476 1684 562 1715 quae
587 1671 635 1703 vel
667 1670 700 1703 iu
736 1673 845 1710 Jona,
880 1671 930 1703 vel
961 1670 995 1702 in
1023 1670 1218 1712 Regnorum
1243 1669 1338 1703 libris

203 1734 312 1779 posita
335 1742 430 1772 sunt,
456 1745 497 1765 ne
522 1734 611 1766 forte
639 1741 669 1764 et
693 1733 756 1771 ibi,
782 1741 820 1765 ut
843 1731 947 1765 moris
972 1741 1036 1771 est,
1073 1731 1262 1776 scripturae
1285 1730 1337 1764 di-

203 1795 300 1828 vinae
321 1794 441 1830 secreti
467 1794 595 1839 aliquid
620 1794 777 1827 habeant.
826 1788 1000 1837 Scriptum
1024 1804 1072 1827 est
1086 1806 1165 1836 ergo
1180 1792 1217 1826 in
1228 1793 1337 1830 Jona:

203 1858 305 1901 ‚,et⁵)
329 1858 455 1890 factum
483 1865 530 1888 est
553 1856 693 1888 verbum
719 1854 865 1888 Domini
889 1856 930 1888 ad
955 1856 1081 1888 Jonam
1106 1854 1214 1888 filium
1232 1854 1336 1888 Ama-

301 1958 334 2001 1)
359 1958 461 1991 xum.
484 1956 614 1996 xxm,
638 1957 690 1991 19.
832 1957 868 2001 ²)
893 1957 961 1990 css.
985 1957 1064 1991 Jon.
1091 1956 1148 1989 111.

299 2012 335 2056 ³)
360 2014 464 2046 Deest
496 2014 595 2052 „de“
628 2013 663 2045 in
703 2014 780 2050 edd.
811 2013 959 2047 Merlini.
996 2032 1035 2038 —-
1077 2012 1147 2045 Cfr.
1179 2011 1210 2044 Il
1243 2012 1336 2046 Sam.

205 2058 334 2098 XXIV,
359 2060 410 2091 11.
434 2071 524 2102 seqq.
552 2057 602 2102 (Π
625 2058 748 2103 chg.)
1025 2060 1027 2063 ’

297 2113 333 2157 ⁴²)
357 2113 446 2149 Edd.
470 2114 627 2146 Merlini:
653 2116 809 2149 declarat.

299 2170 336 2212 5>
359 2171 459 2203 Num.
486 2168 616 2209 XXIII,
640 2171 691 2204 19.

299 2225 335 2269 ἦ)
360 2226 440 2258 Jon.
464 2225 489 2263 Ῐ,
513 2226 542 2258 ’1.
566 2226 597 2259 2.
625 2245 664 2250 -—
691 2225 778 2258 Edd.
804 2224 961 2258 Merlini:
991 2225 1115 2260 Amati.

1411 1511 1423 1594 ῡᾲᾼ-μ
1416 1464 1420 1491 ,Π

1411 1714 1427 1886 naun-4³2:
1411 1675 1414 1678 ,
1410 1623 1414 1647 ..
