<?xml version="1.0" encoding="UTF-8"?>
<!DOCTYPE html PUBLIC "-//W3C//DTD XHTML 1.0 Transitional//EN"
    "http://www.w3.org/TR/xhtml1/DTD/xhtml1-transitional.dtd">
<html xmlns="http://www.w3.org/1999/xhtml" xml:lang="en" lang="en">
 <head>
  <title>
</title>
<meta http-equiv="Content-Type" content="text/html;charset=utf-8" />
  <meta name='ocr-system' content='tesseract 3.04.00' />
  <meta name='ocr-capabilities' content='ocr_page ocr_carea ocr_par ocr_line ocrx_word'/>
</head>
<body>
  <div class='ocr_page' id='page_1' title='image "./operaomniaquaegr10orig/operaomniaquaegr10orig_0227.png"; bbox 0 0 1427 2460; ppageno 0'>
   <div class='ocr_carea' id='block_1_1' title="bbox 365 86 1200 124">
    <p class='ocr_par' dir='ltr' id='par_1_1' title="bbox 365 86 1200 124">
     <span class='ocr_line' id='line_1_1' title="bbox 365 86 1200 124; baseline 0.005 -4"><span class='ocrx_word' id='word_1_1' title='bbox 365 99 400 122; x_wconf 76' lang='lat' dir='ltr'>m</span> <span class='ocrx_word' id='word_1_2' title='bbox 425 88 601 121; x_wconf 69' lang='lat' dir='ltr'>Nummos</span> <span class='ocrx_word' id='word_1_3' title='bbox 626 86 785 121; x_wconf 73' lang='lat' dir='ltr'>Homum</span> <span class='ocrx_word' id='word_1_4' title='bbox 805 88 911 121; x_wconf 86' lang='lat' dir='ltr'><strong>XVII.</strong></span> <span class='ocrx_word' id='word_1_5' title='bbox 1133 91 1200 124; x_wconf 86' lang='lat'>205</span> 
     </span>
    </p>
   </div>
   <div class='ocr_carea' id='block_1_2' title="bbox 58 177 1203 1817">
    <p class='ocr_par' dir='ltr' id='par_1_2' title="bbox 58 177 1203 1817">
     <span class='ocr_line' id='line_1_2' title="bbox 81 177 1199 223; baseline 0.002 -13"><span class='ocrx_word' id='word_1_6' title='bbox 81 178 207 212; x_wconf 83' lang='lat' dir='ltr'>Mirum</span> <span class='ocrx_word' id='word_1_7' title='bbox 233 177 384 223; x_wconf 79' lang='lat' dir='ltr'>profecto</span> <span class='ocrx_word' id='word_1_8' title='bbox 409 187 475 217; x_wconf 88' lang='lat' dir='ltr'>est,</span> <span class='ocrx_word' id='word_1_9' title='bbox 513 178 690 222; x_wconf 87' lang='lat' dir='ltr'>quomodo</span> <span class='ocrx_word' id='word_1_10' title='bbox 722 186 833 210; x_wconf 77' lang='lat' dir='ltr'>tantae</span> <span class='ocrx_word' id='word_1_11' title='bbox 864 177 972 211; x_wconf 80' lang='lat' dir='ltr'>laudis</span> <span class='ocrx_word' id='word_1_12' title='bbox 995 177 1115 221; x_wconf 84' lang='lat' dir='ltr'>dignus</span> <span class='ocrx_word' id='word_1_13' title='bbox 1140 178 1199 212; x_wconf 83' lang='lat' dir='ltr'>ha-</span> 
     </span>
     <span class='ocr_line' id='line_1_3' title="bbox 80 238 1198 285; baseline 0.001 -12"><span class='ocrx_word' id='word_1_14' title='bbox 80 242 200 274; x_wconf 79' lang='lat' dir='ltr'>beatur</span> <span class='ocrx_word' id='word_1_15' title='bbox 223 239 372 278; x_wconf 79' lang='lat' dir='ltr'>Balaam,</span> <span class='ocrx_word' id='word_1_16' title='bbox 395 238 452 283; x_wconf 85' lang='lat' dir='ltr'>qui</span> <span class='ocrx_word' id='word_1_17' title='bbox 477 248 613 284; x_wconf 85' lang='lat' dir='ltr'>accepta</span> <span class='ocrx_word' id='word_1_18' title='bbox 636 240 800 285; x_wconf 81' lang='lat' dir='ltr'>parabola</span> <span class='ocrx_word' id='word_1_19' title='bbox 818 252 896 278; x_wconf 83' lang='lat' dir='ltr'>-sua,</span> <span class='ocrx_word' id='word_1_20' title='bbox 921 239 1003 273; x_wconf 87' lang='lat' dir='ltr'>haec</span> <span class='ocrx_word' id='word_1_21' title='bbox 1019 239 1052 283; x_wconf 85' lang='grc' dir='ltr'>Ι)</span> <span class='ocrx_word' id='word_1_22' title='bbox 1082 240 1124 272; x_wconf 90' lang='lat' dir='ltr'>de</span> <span class='ocrx_word' id='word_1_23' title='bbox 1147 254 1198 275; x_wconf 85' lang='lat' dir='ltr'>se·</span> 
     </span>
     <span class='ocr_line' id='line_1_4' title="bbox 58 299 1200 346; baseline 0.002 -12"><span class='ocrx_word' id='word_1_24' title='bbox 58 311 149 335; x_wconf 87' lang='lat' dir='ltr'>·met</span> <span class='ocrx_word' id='word_1_25' title='bbox 172 301 247 346; x_wconf 85' lang='lat' dir='ltr'>ipso</span> <span class='ocrx_word' id='word_1_26' title='bbox 271 301 475 345; x_wconf 77' lang='lat' dir='ltr'>pronuntiat.</span> <span class='ocrx_word' id='word_1_27' title='bbox 524 299 715 344; x_wconf 86' lang='lat' dir='ltr'>Quomodo</span> <span class='ocrx_word' id='word_1_28' title='bbox 740 301 831 334; x_wconf 85' lang='lat' dir='ltr'>enim</span> <span class='ocrx_word' id='word_1_29' title='bbox 855 301 961 333; x_wconf 90' lang='lat' dir='ltr'>homo</span> <span class='ocrx_word' id='word_1_30' title='bbox 986 314 1062 335; x_wconf 84' lang='lat' dir='ltr'>vere</span> <span class='ocrx_word' id='word_1_31' title='bbox 1084 302 1200 336; x_wconf 75' lang='lat' dir='ltr'>videns</span> 
     </span>
     <span class='ocr_line' id='line_1_5' title="bbox 79 360 1201 406; baseline 0.001 -11"><span class='ocrx_word' id='word_1_32' title='bbox 79 362 215 395; x_wconf 81' lang='lat' dir='ltr'>Balaam</span> <span class='ocrx_word' id='word_1_33' title='bbox 239 360 296 401; x_wconf 87' lang='lat' dir='ltr'>sit,</span> <span class='ocrx_word' id='word_1_34' title='bbox 321 361 378 406; x_wconf 89' lang='lat' dir='ltr'>qui</span> <span class='ocrx_word' id='word_1_35' title='bbox 403 360 619 402; x_wconf 71' lang='lat' dir='ltr'>divinationi,</span> <span class='ocrx_word' id='word_1_36' title='bbox 656 371 687 395; x_wconf 90' lang='lat' dir='ltr'>et</span> <span class='ocrx_word' id='word_1_37' title='bbox 699 362 735 406; x_wconf 80' lang='grc'>2)</span> <span class='ocrx_word' id='word_1_38' title='bbox 765 362 908 404; x_wconf 78' lang='lat' dir='ltr'>auguriis</span> <span class='ocrx_word' id='word_1_39' title='bbox 933 375 1071 406; x_wconf 86' lang='lat' dir='ltr'>operam</span> <span class='ocrx_word' id='word_1_40' title='bbox 1097 364 1201 397; x_wconf 85' lang='lat' dir='ltr'>dede-</span> 
     </span>
     <span class='ocr_line' id='line_1_6' title="bbox 79 422 1199 468; baseline 0.001 -11"><span class='ocrx_word' id='word_1_41' title='bbox 79 424 137 463; x_wconf 86' lang='lat' dir='ltr'>rit,</span> <span class='ocrx_word' id='word_1_42' title='bbox 177 422 234 467; x_wconf 83' lang='lat' dir='ltr'>qui</span> <span class='ocrx_word' id='word_1_43' title='bbox 273 422 372 456; x_wconf 82' lang='lat' dir='ltr'>etiam</span> <span class='ocrx_word' id='word_1_44' title='bbox 401 423 549 465; x_wconf 79' lang='lat' dir='ltr'>magicae</span> <span class='ocrx_word' id='word_1_45' title='bbox 584 424 766 465; x_wconf 82' lang='lat' dir='ltr'>studuerit,</span> <span class='ocrx_word' id='word_1_46' title='bbox 802 423 888 456; x_wconf 76' lang='lat' dir='ltr'>sicut</span> <span class='ocrx_word' id='word_1_47' title='bbox 920 437 1021 468; x_wconf 88' lang='lat' dir='ltr'>supra</span> <span class='ocrx_word' id='word_1_48' title='bbox 1047 424 1199 458; x_wconf 88' lang='lat' dir='ltr'>ostendi-</span> 
     </span>
     <span class='ocr_line' id='line_1_7' title="bbox 76 483 1199 531; baseline 0.002 -14"><span class='ocrx_word' id='word_1_49' title='bbox 76 497 169 531; x_wconf 65' lang='lat' dir='ltr'>mus,</span> <span class='ocrx_word' id='word_1_50' title='bbox 202 484 300 516; x_wconf 81' lang='lat' dir='ltr'>valde</span> <span class='ocrx_word' id='word_1_51' title='bbox 329 483 454 516; x_wconf 87' lang='lat' dir='ltr'>mirum</span> <span class='ocrx_word' id='word_1_52' title='bbox 487 493 550 524; x_wconf 86' lang='lat' dir='ltr'>est,</span> <span class='ocrx_word' id='word_1_53' title='bbox 590 484 654 518; x_wconf 85' lang='lat' dir='ltr'>nisi</span> <span class='ocrx_word' id='word_1_54' title='bbox 678 485 767 518; x_wconf 80' lang='lat' dir='ltr'>forte</span> <span class='ocrx_word' id='word_1_55' title='bbox 790 498 854 529; x_wconf 84' lang='lat' dir='ltr'>pro</span> <span class='ocrx_word' id='word_1_56' title='bbox 883 499 940 524; x_wconf 88' lang='lat' dir='ltr'>eo,</span> <span class='ocrx_word' id='word_1_57' title='bbox 979 486 1073 529; x_wconf 90' lang='lat' dir='ltr'>quod</span> <span class='ocrx_word' id='word_1_58' title='bbox 1097 499 1199 531; x_wconf 83' lang='lat' dir='ltr'>supra</span> 
     </span>
     <span class='ocr_line' id='line_1_8' title="bbox 77 543 1200 592; baseline 0.002 -14"><span class='ocrx_word' id='word_1_59' title='bbox 77 545 204 578; x_wconf 88' lang='lat' dir='ltr'>dictum</span> <span class='ocrx_word' id='word_1_60' title='bbox 237 554 300 585; x_wconf 89' lang='lat' dir='ltr'>est,</span> <span class='ocrx_word' id='word_1_61' title='bbox 338 545 416 590; x_wconf 82' lang='lat' dir='ltr'>quia</span> <span class='ocrx_word' id='word_1_62' title='bbox 446 545 580 590; x_wconf 85' lang='lat' dir='ltr'>spiritus</span> <span class='ocrx_word' id='word_1_63' title='bbox 612 543 677 578; x_wconf 87' lang='lat' dir='ltr'>Dei</span> <span class='ocrx_word' id='word_1_64' title='bbox 708 548 815 579; x_wconf 80' lang='lat' dir='ltr'>factus</span> <span class='ocrx_word' id='word_1_65' title='bbox 846 547 947 579; x_wconf 86' lang='lat' dir='ltr'>fuerit</span> <span class='ocrx_word' id='word_1_66' title='bbox 977 546 1011 580; x_wconf 84' lang='lat' dir='ltr'>in</span> <span class='ocrx_word' id='word_1_67' title='bbox 1035 546 1129 592; x_wconf 85' lang='lat' dir='ltr'>ipso,</span> <span class='ocrx_word' id='word_1_68' title='bbox 1168 557 1200 581; x_wconf 85' lang='lat' dir='ltr'>et</span> 
     </span>
     <span class='ocr_line' id='line_1_9' title="bbox 76 605 1198 653; baseline 0.004 -15"><span class='ocrx_word' id='word_1_69' title='bbox 76 605 152 651; x_wconf 89' lang='lat' dir='ltr'>quia</span> <span class='ocrx_word' id='word_1_70' title='bbox 185 607 325 639; x_wconf 72' lang='lat' dir='ltr'>verbum</span> <span class='ocrx_word' id='word_1_71' title='bbox 356 607 422 639; x_wconf 80' lang='lat' dir='ltr'>Dei</span> <span class='ocrx_word' id='word_1_72' title='bbox 447 606 592 651; x_wconf 81' lang='lat' dir='ltr'>positum</span> <span class='ocrx_word' id='word_1_73' title='bbox 623 608 664 640; x_wconf 79' lang='lat' dir='ltr'>sit</span> <span class='ocrx_word' id='word_1_74' title='bbox 694 607 728 640; x_wconf 91' lang='lat' dir='ltr'>in</span> <span class='ocrx_word' id='word_1_75' title='bbox 764 621 824 641; x_wconf 88' lang='lat' dir='ltr'>ore</span> <span class='ocrx_word' id='word_1_76' title='bbox 855 607 941 653; x_wconf 85' lang='lat' dir='ltr'>ejus,</span> <span class='ocrx_word' id='word_1_77' title='bbox 976 609 1058 641; x_wconf 90' lang='lat' dir='ltr'>haec</span> <span class='ocrx_word' id='word_1_78' title='bbox 1091 610 1134 642; x_wconf 82' lang='lat' dir='ltr'>de</span> <span class='ocrx_word' id='word_1_79' title='bbox 1157 622 1198 643; x_wconf 86' lang='lat' dir='ltr'>eo</span> 
     </span>
     <span class='ocr_line' id='line_1_10' title="bbox 75 668 1201 713; baseline 0.003 -13"><span class='ocrx_word' id='word_1_80' title='bbox 75 677 235 712; x_wconf 81' lang='lat' dir='ltr'>putentur</span> <span class='ocrx_word' id='word_1_81' title='bbox 257 677 324 701; x_wconf 85' lang='lat' dir='ltr'>tam</span> <span class='ocrx_word' id='word_1_82' title='bbox 349 680 470 709; x_wconf 81' lang='lat' dir='ltr'>magna</span> <span class='ocrx_word' id='word_1_83' title='bbox 495 668 686 713; x_wconf 86' lang='lat' dir='ltr'>conscripta</span> <span class='ocrx_word' id='word_1_84' title='bbox 712 682 779 702; x_wconf 88' lang='lat' dir='ltr'>esse</span> <span class='ocrx_word' id='word_1_85' title='bbox 794 669 985 713; x_wconf 80' lang='lat' dir='ltr'>praeconia.</span> <span class='ocrx_word' id='word_1_86' title='bbox 1030 671 1102 703; x_wconf 87' lang='lat' dir='ltr'>Nec</span> <span class='ocrx_word' id='word_1_87' title='bbox 1120 670 1201 704; x_wconf 89' lang='grc' dir='ltr'>Μο-</span> 
     </span>
     <span class='ocr_line' id='line_1_11' title="bbox 75 729 1200 774; baseline 0.003 -13"><span class='ocrx_word' id='word_1_88' title='bbox 75 742 125 762; x_wconf 85' lang='lat' dir='ltr'>ses</span> <span class='ocrx_word' id='word_1_89' title='bbox 150 729 257 769; x_wconf 84' lang='lat' dir='ltr'>enim,</span> <span class='ocrx_word' id='word_1_90' title='bbox 292 743 354 763; x_wconf 88' lang='lat' dir='ltr'>nec</span> <span class='ocrx_word' id='word_1_91' title='bbox 385 730 467 763; x_wconf 89' lang='lat' dir='ltr'>alius</span> <span class='ocrx_word' id='word_1_92' title='bbox 499 729 572 774; x_wconf 88' lang='lat' dir='ltr'>quis</span> <span class='ocrx_word' id='word_1_93' title='bbox 605 731 850 774; x_wconf 82' lang='lat' dir='ltr'>prophetarum</span> <span class='ocrx_word' id='word_1_94' title='bbox 882 730 979 763; x_wconf 83' lang='lat' dir='ltr'>facile</span> <span class='ocrx_word' id='word_1_95' title='bbox 1010 730 1200 764; x_wconf 81' lang='lat' dir='ltr'>invenietur</span> 
     </span>
     <span class='ocr_line' id='line_1_12' title="bbox 75 790 1200 836; baseline 0.003 -14"><span class='ocrx_word' id='word_1_96' title='bbox 75 790 174 823; x_wconf 80' lang='lat' dir='ltr'>tantis</span> <span class='ocrx_word' id='word_1_97' title='bbox 203 791 361 824; x_wconf 76' lang='lat' dir='ltr'>laudibus</span> <span class='ocrx_word' id='word_1_98' title='bbox 393 791 546 826; x_wconf 80' lang='lat' dir='ltr'>elevatus.</span> <span class='ocrx_word' id='word_1_99' title='bbox 608 791 710 823; x_wconf 86' lang='lat' dir='ltr'>Unde</span> <span class='ocrx_word' id='word_1_100' title='bbox 741 791 844 832; x_wconf 76' lang='lat' dir='ltr'>magis</span> <span class='ocrx_word' id='word_1_101' title='bbox 879 790 963 824; x_wconf 82' lang='lat' dir='ltr'>mihi</span> <span class='ocrx_word' id='word_1_102' title='bbox 995 792 1200 836; x_wconf 81' lang='lat' dir='ltr'>videmur³)</span> 
     </span>
     <span class='ocr_line' id='line_1_13' title="bbox 74 851 1200 898; baseline 0.003 -14"><span class='ocrx_word' id='word_1_103' title='bbox 74 852 156 884; x_wconf 86' lang='lat' dir='ltr'>baec</span> <span class='ocrx_word' id='word_1_104' title='bbox 180 852 228 885; x_wconf 85' lang='lat' dir='ltr'>illi</span> <span class='ocrx_word' id='word_1_105' title='bbox 253 852 384 896; x_wconf 92' lang='lat' dir='ltr'>populo</span> <span class='ocrx_word' id='word_1_106' title='bbox 410 851 591 884; x_wconf 83' lang='lat' dir='ltr'>convenire</span> <span class='ocrx_word' id='word_1_107' title='bbox 616 865 656 885; x_wconf 88' lang='lat' dir='ltr'>eo</span> <span class='ocrx_word' id='word_1_108' title='bbox 682 861 845 896; x_wconf 85' lang='lat' dir='ltr'>tempore,</span> <span class='ocrx_word' id='word_1_109' title='bbox 869 864 938 896; x_wconf 88' lang='lat' dir='ltr'>quo</span> <span class='ocrx_word' id='word_1_110' title='bbox 964 851 1030 898; x_wconf 86' lang='lat' dir='ltr'>jam</span> <span class='ocrx_word' id='word_1_111' title='bbox 1058 867 1200 887; x_wconf 84' lang='lat' dir='ltr'>conver-</span> 
     </span>
     <span class='ocr_line' id='line_1_14' title="bbox 72 912 1202 959; baseline 0.003 -13"><span class='ocrx_word' id='word_1_112' title='bbox 72 926 127 946; x_wconf 88' lang='lat' dir='ltr'>sus</span> <span class='ocrx_word' id='word_1_113' title='bbox 151 913 194 945; x_wconf 86' lang='lat' dir='ltr'>ad</span> <span class='ocrx_word' id='word_1_114' title='bbox 218 912 419 952; x_wconf 87' lang='lat' dir='ltr'>Dominum,</span> <span class='ocrx_word' id='word_1_115' title='bbox 444 913 601 957; x_wconf 80' lang='lat' dir='ltr'>deposuit</span> <span class='ocrx_word' id='word_1_116' title='bbox 623 914 788 952; x_wconf 84' lang='lat' dir='ltr'>velamen,</span> <span class='ocrx_word' id='word_1_117' title='bbox 812 915 904 958; x_wconf 88' lang='lat' dir='ltr'>quod</span> <span class='ocrx_word' id='word_1_118' title='bbox 924 924 993 946; x_wconf 88' lang='lat' dir='ltr'>erat</span> <span class='ocrx_word' id='word_1_119' title='bbox 1015 928 1117 959; x_wconf 87' lang='lat' dir='ltr'>super</span> <span class='ocrx_word' id='word_1_120' title='bbox 1140 929 1202 949; x_wconf 85' lang='lat' dir='ltr'>cor</span> 
     </span>
     <span class='ocr_line' id='line_1_15' title="bbox 73 973 1200 1019; baseline 0.002 -11"><span class='ocrx_word' id='word_1_121' title='bbox 73 988 181 1008; x_wconf 90' lang='lat' dir='ltr'>suum.</span> <span class='ocrx_word' id='word_1_122' title='bbox 226 973 398 1007; x_wconf 76' lang='lat' dir='ltr'>Dominus</span> <span class='ocrx_word' id='word_1_123' title='bbox 420 975 554 1019; x_wconf 89' lang='lat' dir='ltr'>spiritus</span> <span class='ocrx_word' id='word_1_124' title='bbox 578 983 635 1008; x_wconf 88' lang='lat' dir='ltr'>est.</span> <span class='ocrx_word' id='word_1_125' title='bbox 681 975 815 1008; x_wconf 87' lang='lat' dir='ltr'>Idcirco</span> <span class='ocrx_word' id='word_1_126' title='bbox 834 975 979 1019; x_wconf 86' lang='lat' dir='ltr'>denique</span> <span class='ocrx_word' id='word_1_127' title='bbox 1003 976 1101 1009; x_wconf 86' lang='lat' dir='ltr'>dicit:</span> <span class='ocrx_word' id='word_1_128' title='bbox 1125 989 1200 1016; x_wconf 86' lang='lat' dir='ltr'>„re-</span> 
     </span>
     <span class='ocr_line' id='line_1_16' title="bbox 74 1035 1200 1082; baseline 0.002 -13"><span class='ocrx_word' id='word_1_129' title='bbox 74 1036 172 1069; x_wconf 86' lang='lat' dir='ltr'>velati</span> <span class='ocrx_word' id='word_1_130' title='bbox 184 1036 220 1081; x_wconf 81' lang='lat'>⁴²)</span> <span class='ocrx_word' id='word_1_131' title='bbox 246 1036 336 1070; x_wconf 85' lang='lat' dir='ltr'>oculi</span> <span class='ocrx_word' id='word_1_132' title='bbox 355 1035 424 1082; x_wconf 81' lang='lat' dir='ltr'>ejus</span> <span class='ocrx_word' id='word_1_133' title='bbox 434 1039 464 1069; x_wconf 87' lang='lat'>:“</span> <span class='ocrx_word' id='word_1_134' title='bbox 490 1035 584 1081; x_wconf 80' lang='lat' dir='ltr'>quasi</span> <span class='ocrx_word' id='word_1_135' title='bbox 608 1036 666 1080; x_wconf 88' lang='lat' dir='ltr'>qui</span> <span class='ocrx_word' id='word_1_136' title='bbox 690 1050 782 1069; x_wconf 87' lang='lat' dir='ltr'>nunc</span> <span class='ocrx_word' id='word_1_137' title='bbox 804 1050 912 1081; x_wconf 85' lang='lat' dir='ltr'>usque</span> <span class='ocrx_word' id='word_1_138' title='bbox 937 1037 1039 1070; x_wconf 90' lang='lat' dir='ltr'>clausi</span> <span class='ocrx_word' id='word_1_139' title='bbox 1062 1038 1200 1079; x_wconf 73' lang='lat' dir='ltr'>suerint,</span> 
     </span>
     <span class='ocr_line' id='line_1_17' title="bbox 75 1097 1201 1142; baseline 0 -11"><span class='ocrx_word' id='word_1_140' title='bbox 75 1107 107 1131; x_wconf 85' lang='lat' dir='ltr'>et</span> <span class='ocrx_word' id='word_1_141' title='bbox 129 1112 221 1131; x_wconf 89' lang='lat' dir='ltr'>nunc</span> <span class='ocrx_word' id='word_1_142' title='bbox 244 1111 306 1142; x_wconf 88' lang='lat' dir='ltr'>per</span> <span class='ocrx_word' id='word_1_143' title='bbox 327 1097 483 1141; x_wconf 78' lang='lat' dir='ltr'>spiritum</span> <span class='ocrx_word' id='word_1_144' title='bbox 508 1097 591 1137; x_wconf 80' lang='lat' dir='ltr'>Dei,</span> <span class='ocrx_word' id='word_1_145' title='bbox 618 1098 674 1142; x_wconf 88' lang='lat' dir='ltr'>qui</span> <span class='ocrx_word' id='word_1_146' title='bbox 698 1110 801 1142; x_wconf 85' lang='lat' dir='ltr'>super</span> <span class='ocrx_word' id='word_1_147' title='bbox 825 1110 901 1130; x_wconf 89' lang='lat' dir='ltr'>eum</span> <span class='ocrx_word' id='word_1_148' title='bbox 925 1098 1032 1130; x_wconf 87' lang='lat' dir='ltr'>factus</span> <span class='ocrx_word' id='word_1_149' title='bbox 1057 1108 1115 1138; x_wconf 87' lang='lat' dir='ltr'>est,</span> <span class='ocrx_word' id='word_1_150' title='bbox 1139 1100 1201 1132; x_wconf 91' lang='lat' dir='ltr'>ab-</span> 
     </span>
     <span class='ocr_line' id='line_1_18' title="bbox 75 1158 1202 1202; baseline 0.002 -11"><span class='ocrx_word' id='word_1_151' title='bbox 75 1159 144 1193; x_wconf 80' lang='lat' dir='ltr'>lato</span> <span class='ocrx_word' id='word_1_152' title='bbox 174 1158 340 1192; x_wconf 82' lang='lat' dir='ltr'>velamine</span> <span class='ocrx_word' id='word_1_153' title='bbox 370 1158 570 1192; x_wconf 82' lang='lat' dir='ltr'>revelentur.</span> <span class='ocrx_word' id='word_1_154' title='bbox 616 1159 717 1191; x_wconf 88' lang='lat' dir='ltr'>Nunc</span> <span class='ocrx_word' id='word_1_155' title='bbox 751 1171 829 1200; x_wconf 83' lang='lat' dir='ltr'>ergo</span> <span class='ocrx_word' id='word_1_156' title='bbox 862 1167 926 1198; x_wconf 84' lang='lat' dir='ltr'>est,</span> <span class='ocrx_word' id='word_1_157' title='bbox 961 1159 1098 1202; x_wconf 84' lang='lat' dir='ltr'>quando</span> <span class='ocrx_word' id='word_1_158' title='bbox 1124 1173 1202 1194; x_wconf 87' lang='lat' dir='ltr'>vere</span> 
     </span>
     <span class='ocr_line' id='line_1_19' title="bbox 75 1219 1201 1259; baseline 0.002 -6"><span class='ocrx_word' id='word_1_159' title='bbox 75 1220 181 1259; x_wconf 86' lang='lat' dir='ltr'>videt,</span> <span class='ocrx_word' id='word_1_160' title='bbox 218 1229 248 1253; x_wconf 91' lang='lat' dir='ltr'>et</span> <span class='ocrx_word' id='word_1_161' title='bbox 272 1232 349 1252; x_wconf 86' lang='lat' dir='ltr'>vere</span> <span class='ocrx_word' id='word_1_162' title='bbox 372 1219 466 1252; x_wconf 84' lang='lat' dir='ltr'>audit</span> <span class='ocrx_word' id='word_1_163' title='bbox 489 1220 591 1252; x_wconf 84' lang='lat' dir='ltr'>verba</span> <span class='ocrx_word' id='word_1_164' title='bbox 616 1219 730 1259; x_wconf 85' lang='lat' dir='ltr'>fortis,</span> <span class='ocrx_word' id='word_1_165' title='bbox 766 1228 798 1252; x_wconf 79' lang='lat' dir='ltr'>et</span> <span class='ocrx_word' id='word_1_166' title='bbox 829 1220 937 1252; x_wconf 87' lang='lat' dir='ltr'>visum</span> <span class='ocrx_word' id='word_1_167' title='bbox 961 1219 1028 1253; x_wconf 82' lang='lat' dir='ltr'>Dei</span> <span class='ocrx_word' id='word_1_168' title='bbox 1052 1221 1141 1254; x_wconf 84' lang='lat' dir='ltr'>videt</span> <span class='ocrx_word' id='word_1_169' title='bbox 1163 1221 1201 1256; x_wconf 82' lang='lat' dir='ltr'>in</span> 
     </span>
     <span class='ocr_line' id='line_1_20' title="bbox 72 1279 1201 1326; baseline 0.002 -12"><span class='ocrx_word' id='word_1_170' title='bbox 72 1281 217 1315; x_wconf 78' lang='lat' dir='ltr'>somnis:</span> <span class='ocrx_word' id='word_1_171' title='bbox 248 1281 283 1313; x_wconf 89' lang='lat' dir='ltr'>id</span> <span class='ocrx_word' id='word_1_172' title='bbox 308 1290 370 1320; x_wconf 83' lang='lat' dir='ltr'>cst,</span> <span class='ocrx_word' id='word_1_173' title='bbox 402 1293 456 1320; x_wconf 87' lang='lat' dir='ltr'>ea,</span> <span class='ocrx_word' id='word_1_174' title='bbox 488 1293 572 1324; x_wconf 88' lang='lat' dir='ltr'>quae</span> <span class='ocrx_word' id='word_1_175' title='bbox 596 1279 631 1312; x_wconf 88' lang='lat' dir='ltr'>in</span> <span class='ocrx_word' id='word_1_176' title='bbox 653 1280 779 1313; x_wconf 87' lang='lat' dir='ltr'>somnis</span> <span class='ocrx_word' id='word_1_177' title='bbox 801 1280 987 1324; x_wconf 79' lang='lat' dir='ltr'>Danieli5)</span> <span class='ocrx_word' id='word_1_178' title='bbox 1010 1283 1201 1326; x_wconf 78' lang='lat' dir='ltr'>prophetae</span> 
     </span>
     <span class='ocr_line' id='line_1_21' title="bbox 74 1340 1203 1386; baseline 0.002 -11"><span class='ocrx_word' id='word_1_179' title='bbox 74 1352 227 1386; x_wconf 83' lang='lat' dir='ltr'>tempora</span> <span class='ocrx_word' id='word_1_180' title='bbox 253 1342 421 1383; x_wconf 78' lang='lat' dir='ltr'>designata</span> <span class='ocrx_word' id='word_1_181' title='bbox 445 1350 538 1380; x_wconf 86' lang='lat' dir='ltr'>sunt,</span> <span class='ocrx_word' id='word_1_182' title='bbox 562 1340 686 1374; x_wconf 80' lang='lat' dir='ltr'>videbit</span> <span class='ocrx_word' id='word_1_183' title='bbox 709 1340 863 1385; x_wconf 79' lang='lat' dir='ltr'>impleta:</span> <span class='ocrx_word' id='word_1_184' title='bbox 897 1351 928 1373; x_wconf 90' lang='lat' dir='ltr'>et</span> <span class='ocrx_word' id='word_1_185' title='bbox 951 1341 1094 1375; x_wconf 78' lang='lat' dir='ltr'>visiones</span> <span class='ocrx_word' id='word_1_186' title='bbox 1117 1343 1203 1386; x_wconf 83' lang='lat' dir='ltr'>illas,</span> 
     </span>
     <span class='ocr_line' id='line_1_22' title="bbox 73 1401 1200 1448; baseline 0.004 -13"><span class='ocrx_word' id='word_1_187' title='bbox 73 1415 159 1448; x_wconf 83' lang='lat' dir='ltr'>quae</span> <span class='ocrx_word' id='word_1_188' title='bbox 188 1402 223 1435; x_wconf 84' lang='lat' dir='ltr'>in</span> <span class='ocrx_word' id='word_1_189' title='bbox 257 1402 383 1435; x_wconf 85' lang='lat' dir='ltr'>somnis</span> <span class='ocrx_word' id='word_1_190' title='bbox 408 1403 450 1435; x_wconf 84' lang='lat' dir='ltr'>ad</span> <span class='ocrx_word' id='word_1_191' title='bbox 473 1402 569 1434; x_wconf 85' lang='lat' dir='ltr'>illum</span> <span class='ocrx_word' id='word_1_192' title='bbox 594 1403 722 1434; x_wconf 75' lang='lat' dir='ltr'>delatae</span> <span class='ocrx_word' id='word_1_193' title='bbox 744 1410 839 1442; x_wconf 89' lang='lat' dir='ltr'>sunt,</span> <span class='ocrx_word' id='word_1_194' title='bbox 873 1401 1016 1436; x_wconf 83' lang='lat' dir='ltr'>videbit:</span> <span class='ocrx_word' id='word_1_195' title='bbox 1052 1404 1118 1437; x_wconf 87' lang='lat' dir='ltr'>boc</span> <span class='ocrx_word' id='word_1_196' title='bbox 1143 1415 1200 1448; x_wconf 85' lang='lat' dir='ltr'>est,</span> 
     </span>
     <span class='ocr_line' id='line_1_23' title="bbox 75 1463 1200 1506; baseline 0.002 -9"><span class='ocrx_word' id='word_1_197' title='bbox 75 1464 250 1505; x_wconf 82' lang='lat' dir='ltr'>intelliget,</span> <span class='ocrx_word' id='word_1_198' title='bbox 290 1473 322 1496; x_wconf 83' lang='lat' dir='ltr'>et</span> <span class='ocrx_word' id='word_1_199' title='bbox 353 1473 511 1506; x_wconf 83' lang='lat' dir='ltr'>agnoscet</span> <span class='ocrx_word' id='word_1_200' title='bbox 543 1463 648 1497; x_wconf 87' lang='lat' dir='ltr'>oculis</span> <span class='ocrx_word' id='word_1_201' title='bbox 681 1463 842 1497; x_wconf 79' lang='lat' dir='ltr'>revelatis.</span> <span class='ocrx_word' id='word_1_202' title='bbox 902 1463 1079 1499; x_wconf 71' lang='lat' dir='ltr'>Efficietur</span> <span class='ocrx_word' id='word_1_203' title='bbox 1108 1467 1200 1500; x_wconf 88' lang='lat' dir='ltr'>enim</span> 
     </span>
     <span class='ocr_line' id='line_1_24' title="bbox 74 1524 1200 1570; baseline 0.002 -11"><span class='ocrx_word' id='word_1_204' title='bbox 74 1525 189 1559; x_wconf 85' lang='lat' dir='ltr'>similis</span> <span class='ocrx_word' id='word_1_205' title='bbox 223 1525 280 1566; x_wconf 88' lang='lat' dir='ltr'>iis,</span> <span class='ocrx_word' id='word_1_206' title='bbox 313 1526 371 1570; x_wconf 83' lang='lat' dir='ltr'>qui</span> <span class='ocrx_word' id='word_1_207' title='bbox 403 1524 578 1558; x_wconf 82' lang='lat' dir='ltr'>dicebant:</span> <span class='ocrx_word' id='word_1_208' title='bbox 611 1538 701 1564; x_wconf 88' lang='lat' dir='ltr'>„nos</span> <span class='ocrx_word' id='word_1_209' title='bbox 715 1524 750 1568; x_wconf 76' lang='lat'>⁶)</span> <span class='ocrx_word' id='word_1_210' title='bbox 776 1534 889 1558; x_wconf 86' lang='lat' dir='ltr'>autem</span> <span class='ocrx_word' id='word_1_211' title='bbox 915 1527 1032 1559; x_wconf 80' lang='lat' dir='ltr'>omnes</span> <span class='ocrx_word' id='word_1_212' title='bbox 1056 1528 1200 1562; x_wconf 81' lang='lat' dir='ltr'>revelata</span> 
     </span>
     <span class='ocr_line' id='line_1_25' title="bbox 75 1585 1200 1632; baseline 0.003 -13"><span class='ocrx_word' id='word_1_213' title='bbox 75 1587 160 1620; x_wconf 80' lang='lat' dir='ltr'>facie</span> <span class='ocrx_word' id='word_1_214' title='bbox 176 1585 316 1629; x_wconf 80' lang='lat' dir='ltr'>gloriam</span> <span class='ocrx_word' id='word_1_215' title='bbox 335 1586 481 1619; x_wconf 88' lang='lat' dir='ltr'>Domini</span> <span class='ocrx_word' id='word_1_216' title='bbox 496 1587 724 1630; x_wconf 83' lang='lat' dir='ltr'>speculamur,</span> <span class='ocrx_word' id='word_1_217' title='bbox 748 1588 867 1620; x_wconf 86' lang='lat' dir='ltr'>eadem</span> <span class='ocrx_word' id='word_1_218' title='bbox 889 1586 1074 1632; x_wconf 83' lang='lat' dir='ltr'>imagine7)</span> <span class='ocrx_word' id='word_1_219' title='bbox 1091 1598 1200 1622; x_wconf 79' lang='lat' dir='ltr'>trans·</span> 
     </span>
     <span class='ocr_line' id='line_1_26' title="bbox 75 1647 1200 1694; baseline 0.002 -14"><span class='ocrx_word' id='word_1_220' title='bbox 75 1647 211 1680; x_wconf 78' lang='lat' dir='ltr'>formati</span> <span class='ocrx_word' id='word_1_221' title='bbox 235 1660 252 1680; x_wconf 82' lang='lat' dir='ltr'>a</span> <span class='ocrx_word' id='word_1_222' title='bbox 278 1647 383 1688; x_wconf 86' lang='lat' dir='ltr'>gloria</span> <span class='ocrx_word' id='word_1_223' title='bbox 407 1648 442 1680; x_wconf 91' lang='lat' dir='ltr'>in</span> <span class='ocrx_word' id='word_1_224' title='bbox 465 1648 623 1690; x_wconf 76' lang='lat' dir='ltr'>gloriam,</span> <span class='ocrx_word' id='word_1_225' title='bbox 653 1657 814 1693; x_wconf 85' lang='lat' dir='ltr'>tanquam</span> <span class='ocrx_word' id='word_1_226' title='bbox 839 1662 857 1681; x_wconf 89' lang='lat' dir='ltr'>a</span> <span class='ocrx_word' id='word_1_227' title='bbox 882 1649 1025 1682; x_wconf 88' lang='lat' dir='ltr'>Domini</span> <span class='ocrx_word' id='word_1_228' title='bbox 1050 1649 1200 1694; x_wconf 85' lang='lat' dir='ltr'>spiritu.“</span> 
     </span>
     <span class='ocr_line' id='line_1_27' title="bbox 76 1708 1198 1755; baseline 0.003 -14"><span class='ocrx_word' id='word_1_229' title='bbox 76 1708 188 1741; x_wconf 85' lang='lat' dir='ltr'>Velim</span> <span class='ocrx_word' id='word_1_230' title='bbox 211 1718 322 1741; x_wconf 80' lang='lat' dir='ltr'>tamen</span> <span class='ocrx_word' id='word_1_231' title='bbox 346 1708 534 1753; x_wconf 86' lang='lat' dir='ltr'>requirere,</span> <span class='ocrx_word' id='word_1_232' title='bbox 567 1709 624 1753; x_wconf 85' lang='lat' dir='ltr'>qui</span> <span class='ocrx_word' id='word_1_233' title='bbox 648 1719 726 1742; x_wconf 85' lang='lat' dir='ltr'>sunt</span> <span class='ocrx_word' id='word_1_234' title='bbox 748 1709 801 1743; x_wconf 84' lang='lat' dir='ltr'>isti</span> <span class='ocrx_word' id='word_1_235' title='bbox 825 1711 914 1743; x_wconf 92' lang='lat' dir='ltr'>oculi</span> <span class='ocrx_word' id='word_1_236' title='bbox 940 1709 1027 1755; x_wconf 85' lang='lat' dir='ltr'>ejus,</span> <span class='ocrx_word' id='word_1_237' title='bbox 1063 1711 1121 1755; x_wconf 87' lang='lat' dir='ltr'>qui</span> <span class='ocrx_word' id='word_1_238' title='bbox 1144 1724 1198 1744; x_wconf 86' lang='lat' dir='ltr'>re-</span> 
     </span>
     <span class='ocr_line' id='line_1_28' title="bbox 77 1768 1200 1817; baseline 0.003 -15"><span class='ocrx_word' id='word_1_239' title='bbox 77 1770 172 1803; x_wconf 81' lang='lat' dir='ltr'>velati</span> <span class='ocrx_word' id='word_1_240' title='bbox 198 1769 370 1802; x_wconf 84' lang='lat' dir='ltr'>dicuntur:</span> <span class='ocrx_word' id='word_1_241' title='bbox 393 1783 436 1802; x_wconf 85' lang='lat' dir='ltr'>ne</span> <span class='ocrx_word' id='word_1_242' title='bbox 460 1771 549 1803; x_wconf 77' lang='lat' dir='ltr'>forte</span> <span class='ocrx_word' id='word_1_243' title='bbox 572 1768 635 1814; x_wconf 78' lang='lat' dir='ltr'>ipsi</span> <span class='ocrx_word' id='word_1_244' title='bbox 657 1771 737 1811; x_wconf 86' lang='lat' dir='ltr'>sint,</span> <span class='ocrx_word' id='word_1_245' title='bbox 770 1773 827 1816; x_wconf 86' lang='lat' dir='ltr'>qui</span> <span class='ocrx_word' id='word_1_246' title='bbox 850 1771 885 1804; x_wconf 92' lang='lat' dir='ltr'>in</span> <span class='ocrx_word' id='word_1_247' title='bbox 911 1770 982 1804; x_wconf 87' lang='lat' dir='ltr'>aliis</span> <span class='ocrx_word' id='word_1_248' title='bbox 1005 1770 1200 1817; x_wconf 82' lang='lat' dir='ltr'>Scripturae</span> 
     </span>
    </p>
   </div>
   <div class='ocr_carea' id='block_1_3' title="bbox 77 1830 1199 1876">
    <p class='ocr_par' dir='ltr' id='par_1_3' title="bbox 77 1830 1199 1876">
     <span class='ocr_line' id='line_1_29' title="bbox 77 1830 1199 1876; baseline 0.003 -13"><span class='ocrx_word' id='word_1_249' title='bbox 77 1831 168 1870; x_wconf 89' lang='lat' dir='ltr'>locis,</span> <span class='ocrx_word' id='word_1_250' title='bbox 191 1840 228 1863; x_wconf 87' lang='lat' dir='ltr'>ut</span> <span class='ocrx_word' id='word_1_251' title='bbox 249 1831 285 1865; x_wconf 87' lang='lat' dir='ltr'>in</span> <span class='ocrx_word' id='word_1_252' title='bbox 309 1830 510 1875; x_wconf 88' lang='lat' dir='ltr'>quibusdam</span> <span class='ocrx_word' id='word_1_253' title='bbox 535 1832 783 1876; x_wconf 81' lang='lat' dir='ltr'>exemplaribus</span> <span class='ocrx_word' id='word_1_254' title='bbox 805 1833 955 1875; x_wconf 85' lang='lat' dir='ltr'>legimus,</span> <span class='ocrx_word' id='word_1_255' title='bbox 978 1833 1068 1866; x_wconf 87' lang='lat' dir='ltr'>oculi</span> <span class='ocrx_word' id='word_1_256' title='bbox 1090 1842 1199 1867; x_wconf 78' lang='lat' dir='ltr'>terrae</span> 
     </span>
    </p>
   </div>
   <div class='ocr_carea' id='block_1_4' title="bbox 166 1984 1112 2198">
    <p class='ocr_par' dir='ltr' id='par_1_4' title="bbox 170 1984 937 2032">
     <span class='ocr_line' id='line_1_30' title="bbox 170 1984 937 2032; baseline 0.005 -16"><span class='ocrx_word' id='word_1_257' title='bbox 170 1984 205 2029; x_wconf 86' lang='lat'>¹)</span> <span class='ocrx_word' id='word_1_258' title='bbox 229 1984 318 2020; x_wconf 84' lang='lat' dir='ltr'><strong>Edd.</strong></span> <span class='ocrx_word' id='word_1_259' title='bbox 343 1984 497 2020; x_wconf 74' lang='lat' dir='ltr'>Merlini:</span> <span class='ocrx_word' id='word_1_260' title='bbox 522 1999 560 2019; x_wconf 89' lang='lat' dir='ltr'>ac</span> <span class='ocrx_word' id='word_1_261' title='bbox 585 1988 627 2020; x_wconf 84' lang='lat' dir='ltr'>de</span> <span class='ocrx_word' id='word_1_262' title='bbox 650 1995 755 2020; x_wconf 86' lang='lat' dir='ltr'>semet</span> <span class='ocrx_word' id='word_1_263' title='bbox 775 1987 850 2032; x_wconf 86' lang='lat' dir='ltr'>ipso</span> <span class='ocrx_word' id='word_1_264' title='bbox 876 1996 937 2021; x_wconf 89' lang='lat' dir='ltr'>etc.</span> 
     </span>
    </p>

    <p class='ocr_par' dir='ltr' id='par_1_5' title="bbox 166 2040 702 2085">
     <span class='ocr_line' id='line_1_31' title="bbox 166 2040 702 2085; baseline 0.006 -13"><span class='ocrx_word' id='word_1_265' title='bbox 166 2040 204 2085; x_wconf 80' lang='lat'>²)</span> <span class='ocrx_word' id='word_1_266' title='bbox 228 2040 332 2074; x_wconf 86' lang='lat' dir='ltr'>Deest</span> <span class='ocrx_word' id='word_1_267' title='bbox 355 2046 428 2082; x_wconf 81' lang='lat' dir='ltr'>‚,et“</span> <span class='ocrx_word' id='word_1_268' title='bbox 450 2042 485 2075; x_wconf 91' lang='lat' dir='ltr'>in</span> <span class='ocrx_word' id='word_1_269' title='bbox 511 2043 563 2075; x_wconf 82' lang='lat' dir='ltr'>ed.</span> <span class='ocrx_word' id='word_1_270' title='bbox 588 2041 702 2076; x_wconf 83' lang='lat' dir='ltr'>Ruaei.</span> 
     </span>
    </p>

    <p class='ocr_par' dir='ltr' id='par_1_6' title="bbox 168 2096 1112 2198">
     <span class='ocr_line' id='line_1_32' title="bbox 168 2096 1112 2142; baseline 0.005 -13"><span class='ocrx_word' id='word_1_271' title='bbox 168 2096 206 2140; x_wconf 80' lang='lat'>³)</span> <span class='ocrx_word' id='word_1_272' title='bbox 229 2096 292 2131; x_wconf 87' lang='lat' dir='ltr'>Ed.</span> <span class='ocrx_word' id='word_1_273' title='bbox 315 2097 442 2131; x_wconf 85' lang='lat' dir='ltr'>Ruaei:</span> <span class='ocrx_word' id='word_1_274' title='bbox 466 2098 606 2131; x_wconf 82' lang='lat' dir='ltr'>videtur.</span> <span class='ocrx_word' id='word_1_275' title='bbox 745 2098 781 2142; x_wconf 69' lang='lat'>⁴)</span> <span class='ocrx_word' id='word_1_276' title='bbox 804 2100 906 2134; x_wconf 87' lang='lat' dir='ltr'>Num.</span> <span class='ocrx_word' id='word_1_277' title='bbox 930 2098 1058 2140; x_wconf 84' lang='lat' dir='ltr'>XXIV,</span> <span class='ocrx_word' id='word_1_278' title='bbox 1080 2100 1112 2134; x_wconf 83' lang='grc'>4.</span> 
     </span>
     <span class='ocr_line' id='line_1_33' title="bbox 169 2151 1099 2198; baseline 0.005 -13"><span class='ocrx_word' id='word_1_279' title='bbox 169 2152 206 2196; x_wconf 78' lang='lat'>⁵)</span> <span class='ocrx_word' id='word_1_280' title='bbox 230 2151 301 2187; x_wconf 83' lang='lat' dir='ltr'>Cfr.</span> <span class='ocrx_word' id='word_1_281' title='bbox 319 2153 409 2187; x_wconf 88' lang='lat' dir='ltr'>Dan.</span> <span class='ocrx_word' id='word_1_282' title='bbox 434 2154 475 2187; x_wconf 89' lang='lat' dir='ltr'>ll.</span> <span class='ocrx_word' id='word_1_283' title='bbox 501 2163 533 2187; x_wconf 86' lang='lat' dir='ltr'>et</span> <span class='ocrx_word' id='word_1_284' title='bbox 558 2153 627 2187; x_wconf 81' lang='lat' dir='ltr'>Vll.</span> <span class='ocrx_word' id='word_1_285' title='bbox 738 2154 775 2198; x_wconf 66' lang='grc' dir='ltr'>ὅ)</span> <span class='ocrx_word' id='word_1_286' title='bbox 802 2154 833 2187; x_wconf 85' lang='lat' dir='ltr'>ll</span> <span class='ocrx_word' id='word_1_287' title='bbox 858 2154 938 2189; x_wconf 74' lang='lat' dir='ltr'>Cor.</span> <span class='ocrx_word' id='word_1_288' title='bbox 962 2155 1021 2194; x_wconf 83' lang='lat' dir='ltr'>III,</span> <span class='ocrx_word' id='word_1_289' title='bbox 1045 2155 1099 2190; x_wconf 86' lang='lat'>18.</span> 
     </span>
    </p>
   </div>
   <div class='ocr_carea' id='block_1_5' title="bbox 78 2206 1197 2288">
    <p class='ocr_par' dir='ltr' id='par_1_7' title="bbox 78 2206 1197 2288">
     <span class='ocr_line' id='line_1_34' title="bbox 78 2206 1197 2285; baseline 0.003 -42"><span class='ocrx_word' id='word_1_290' title='bbox 78 2251 100 2284; x_wconf 78' lang='lat' dir='ltr'>t&#39;</span> <span class='ocrx_word' id='word_1_291' title='bbox 167 2206 204 2250; x_wconf 71' lang='lat'>⁹)</span> <span class='ocrx_word' id='word_1_292' title='bbox 222 2208 285 2285; x_wconf 42' lang='lat' dir='ltr'>fSzic</span> <span class='ocrx_word' id='word_1_293' title='bbox 317 2209 394 2244; x_wconf 57' lang='lat' dir='ltr'>Mas.</span> <span class='ocrx_word' id='word_1_294' title='bbox 418 2209 513 2243; x_wconf 81' lang='lat' dir='ltr'>Libri</span> <span class='ocrx_word' id='word_1_295' title='bbox 537 2208 615 2242; x_wconf 81' lang='lat' dir='ltr'>editi</span> <span class='ocrx_word' id='word_1_296' title='bbox 647 2210 717 2261; x_wconf 38' lang='grc' dir='ltr'>(ι,</span> <span class='ocrx_word' id='word_1_297' title='bbox 734 2223 761 2243; x_wconf 90' lang='lat' dir='ltr'>c.</span> <span class='ocrx_word' id='word_1_298' title='bbox 794 2210 870 2245; x_wconf 82' lang='lat' dir='ltr'>edd.</span> <span class='ocrx_word' id='word_1_299' title='bbox 893 2210 990 2255; x_wconf 84' lang='lat' dir='ltr'><strong>M.:)</strong></span> <span class='ocrx_word' id='word_1_300' title='bbox 1015 2211 1197 2254; x_wconf 60' lang='lat' dir='ltr'>„imagina-</span> 
     </span>
     <span class='ocr_line' id='line_1_35' title="bbox 90 2257 262 2288; baseline 0.023 -4"><span class='ocrx_word' id='word_1_301' title='bbox 90 2257 199 2288; x_wconf 78' lang='lat' dir='ltr'>mne.“</span> <span class='ocrx_word' id='word_1_302' title='bbox 256 2280 262 2288; x_wconf 93' lang='lat'>.</span> 
     </span>
    </p>
   </div>
  </div>
 </body>
</html>
