1427 2460
206 46 272 82 158
708 46 888 81 Omenms

203 137 399 182 temporalis
425 144 592 175 tractatus,
617 133 676 180 qui
701 136 737 169 in
762 137 900 170 ecclesia
927 135 1130 170 aedificandi
1153 138 1259 181 gratia
1282 140 1342 174 ha-

203 202 317 239 betur,
342 211 413 231 non
438 196 620 230 habuimus
643 206 774 230 tantum
797 196 911 242 spatii,
945 206 984 230 ut
1005 209 1182 242 possemus
1212 200 1344 244 singula

204 273 359 306 quaeque
379 258 576 303 Scripturae
599 259 702 291 verba
724 271 932 304 proponere,
955 269 989 292 et
1011 259 1075 300 ita,
1099 269 1137 294 ut
1159 260 1245 296 nihil
1268 275 1345 296 om·-

203 323 287 356 nino
311 321 536 355 indiscussum
559 329 761 360 remaneret,
786 320 1058 365 explanationem
1081 320 1220 365 singulis
1243 323 1342 357 adhi-

202 385 295 423 bere,
319 382 482 428 quoniam
506 382 646 426 quidem
670 380 868 428 hujusmodi
898 382 991 417 stilus
1015 385 1343 418 commentariorum

203 445 308 488 magis
332 453 389 478 est.
435 443 567 477 Idcirco
594 456 682 488 quae
704 443 924 488 inquisitione
948 444 1050 488 digna
1079 445 1257 488 videntur,
1289 460 1344 481 re—

201 507 370 552 petimus,
402 505 593 550 eamque')
620 505 850 547 discutientes,
881 519 949 551 qua
978 519 1160 552 possumus
1184 509 1344 553 explana-

202 569 298 602 tione
325 569 504 607 disserere,
541 577 573 600 et
595 569 632 601 in
655 567 808 601 medium
833 569 990 613 proferre
1019 569 1236 603 tentabimus.
1282 569 1344 603 Est

202 641 316 664 autem
353 630 465 662 adhuc
501 628 641 662 difficile
679 628 715 662 in
757 629 995 675 explanatione
1033 630 1194 664 historiae
1227 629 1343 675 ipsius,

204 692 403 737 quomodo,
439 704 517 724 cum
550 690 684 723 dicatur
713 691 842 725 venisse
865 691 961 725 Deus
991 700 1098 725 noctu
1128 692 1173 725 ad
1201 691 1344 726 Balaam

202 754 338 799 primo,
352 762 396 791 ,et
419 752 660 795 interrogasse,
685 753 744 798 qui
768 762 876 788 essent
899 753 1074 794 homines,
1097 752 1158 798 qui
1179 753 1345 788 venissent

203 817 247 850 ad
272 828 366 848 eum:
392 828 430 848 ac
453 814 690 859 respondisset,
714 815 793 860 quia
817 815 908 849 missi
933 824 1042 849 essent
1065 829 1085 849 a
1107 815 1248 856 Balach,
1270 815 1343 849 filio

203 877 360 922 Sephor,
391 876 543 909 dicente:
574 876 749 920 „veni‚²)
781 886 813 910 et
843 877 989 911 maledic
1021 876 1105 910 mihi
1136 878 1345 922 populum:“

203 937 419 984 responderit
442 938 472 971 ei
496 937 607 971 Deus:
631 951 727 978 „non
742 936 780 981 3)
803 937 868 972 ibis
893 951 970 971 cum
993 937 1042 978 iis,
1065 951 1179 983 neque
1200 937 1346 975 maledi·

204 1014 258 1034 ces
280 1001 468 1045 populum:
493 1007 539 1032 est
563 997 653 1031 enim
676 1000 907 1033 benedicta-22⁶
962 1000 1091 1034 Iterum
1114 1000 1268 1034 secundo
1293 999 1346 1033 di-

203 1061 291 1094 citur
315 1063 359 1094 ad
383 1074 460 1094 eum
484 1069 591 1093 noctu
614 1060 746 1093 venisse
768 1059 874 1099 Deus,
899 1070 931 1093 et
955 1060 1092 1103 dixisse,
1115 1071 1154 1095 ut
1175 1062 1241 1095 iret
1264 1074 1344 1096 cum
1387 1078 1389 1081 ’

202 1122 259 1165 iis,
284 1124 341 1156 sed
368 1123 435 1155 hoc
460 1122 672 1161 observaret,
700 1131 739 1154 ut
761 1123 922 1162 verbum,
952 1124 1048 1167 quod
1071 1124 1168 1156 daret
1189 1123 1285 1157 Deus
1307 1122 1345 1155 in

204 1198 264 1218 ore
289 1183 370 1230 ejus,
395 1184 460 1216 hoc
485 1184 694 1228 loqueretur.
748 1183 795 1216 Et
818 1197 953 1218 rursum
976 1183 1076 1218 tertio
1102 1170 1196 1218 eunti
1228 1184 1260 1218 ei
1283 1197 1343 1218 oc-

204 1245 347 1280 currisse
370 1247 526 1288 angelum
540 1245 618 1285 Dei,
644 1246 698 1278 cui
722 1245 758 1279 in
781 1255 913 1280 tamum
931 1245 986 1279 via
1008 1245 1081 1290 ejus
1103 1259 1178 1280 non
1201 1245 1346 1288 elegans,
1399 1243 1402 1246 ⁴

203 1321 268 1341 nec
293 1317 491 1352 opportuna
513 1306 699 1347 videretur,
731 1316 770 1340 ut
794 1307 895 1341 etiam
917 1307 1109 1341 interficere
1132 1320 1211 1340 eum
1233 1307 1344 1346 vellet,

203 1369 266 1403 nisi
290 1369 382 1402 asina
405 1369 522 1403 videns
547 1369 704 1410 angelum
719 1394 728 1409 ,
751 1381 854 1413 quem
878 1369 1020 1402 Balaam
1042 1368 1157 1401 videre
1179 1381 1254 1401 non
1276 1381 1342 1412 po·-

194 1430 278 1475 ¹tuit,
300 1428 506 1464 declinasset.
560 1429 605 1462 Et
628 1439 762 1470 tamen,
785 1439 1009 1475 posteaquam
1033 1431 1190 1474 culpatur
1213 1429 1257 1462 ab
1282 1440 1342 1462 an—

202 1494 292 1536 gelo,
316 1506 376 1525 cur
398 1491 449 1525 ire
470 1490 647 1531 voluisset,
671 1505 787 1526 rursus
809 1491 909 1525 etiam
934 1492 976 1524 ab
1001 1491 1076 1536 ipso
1101 1490 1151 1524 ire
1172 1489 1342 1535 permitti-

202 1564 278 1588 tur:
310 1563 441 1587 tantum
471 1562 510 1585 ut
533 1554 700 1587 custodiat
724 1554 882 1594 verbum,
914 1554 1009 1599 quod
1033 1553 1129 1586 Deus
1152 1551 1284 1603 dederit
1304 1552 1342 1586 in
1395 1564 1399 1570 ·

204 1628 265 1649 ore
291 1614 379 1661 ejus,
418 1623 457 1647 ut
479 1614 548 1648 hoc
581 1616 693 1648 solum
719 1617 891 1659 proferat,
928 1627 992 1647 nec
1022 1613 1169 1659 amplius
1199 1612 1338 1658 aliquid.

203 1678 298 1711 Haec
329 1688 409 1718 ergo
445 1676 559 1709 omnia
584 1676 759 1710 difficilem
782 1677 911 1710 habent
934 1676 1225 1721 explanationem:
1255 1687 1341 1720 pau-

204 1740 250 1773 cis
273 1748 407 1778 tamen,
437 1746 475 1770 ut
498 1751 599 1782 supra
623 1737 691 1783 jam
717 1738 882 1778 diximus,
909 1738 1122 1771 occasionem
1146 1736 1338 1778 intelligen—
1390 1775 1391 1779 Ἰ

202 1799 270 1833 tiae
292 1799 388 1832 vobis
413 1798 586 1842 dabimus,
626 1813 694 1845 quo
720 1810 753 1834 ct
781 1796 840 1834 vo‘s
871 1799 1015 1840 faciatis,
1053 1799 1148 1844 quod
1176 1798 1340 1843 seriptum
1390 1813 1393 1819 ⁴

204 1870 267 1895 est:
299 1860 405 1905 „ut4)
435 1860 473 1894 iis
497 1861 618 1896 auditis
638 1863 771 1907 sapiens
794 1861 981 1906 sapientior
1010 1859 1110 1894 fiat:“
1144 1869 1193 1894 ct:
1226 1859 1340 1902 ‚,da⁵)
1392 1895 1395 1900 ,

205 1922 420 1956 occasionem
443 1922 604 1967 sapienti,
637 1933 669 1957 et
691 1923 876 1969 sapientior
902 1923 994 1956 erit.“
1048 1922 1118 1955 Sed
1140 1921 1339 1967 priusquam

202 1983 437 2028 perveniamus
469 1986 512 2018 ad
536 1998 626 2026 rem,
657 1999 700 2019 ne
724 1985 809 2019 illud
835 1986 973 2041 quidem
999 1984 1210 2023 omittemus,
1242 1984 1336 2029 quod

300 2122 332 2164 Ξ)
359 2122 448 2155 Edd.
473 2123 627 2157 Merlini:
654 2138 769 2170 caque.
865 2126 901 2167 ²)
926 2126 1027 2159 Num.
1044 2123 1165 2163 XXII,
1190 2124 1239 2157 11-

294 2177 331 2220 ³)
356 2178 456 2211 Num.
481 2178 597 2217 XXII,
624 2183 673 2216 12.
773 2181 808 2222 λ)
833 2181 932 2213 Prov.
958 2181 983 2220 1,
1007 2182 1037 2215 5.

297 2233 334 2275 5)
359 2233 457 2266 Prov.
483 2234 544 2271 IX,
568 2234 598 2268 9.
