1427 2460
213 93 259 127 40
692 91 870 126 Omclzms

213 183 296 217 tur?
344 182 389 214 Et
418 190 456 215 ut
495 180 607 214 adhuc
636 181 846 216 manifestius
878 193 965 226 quae
998 180 1157 215 dicuntur
1194 181 1355 223 advertas,

216 244 376 288 exemplis
399 252 432 275 te
457 255 494 275 ex
520 242 639 276 divinis
660 243 892 276 voluminibus
910 242 1066 276 adhibitis
1081 242 1354 277 informabimus.

212 306 331 339 Moses
356 303 565 344 intelligebat
587 303 660 336 sine
683 304 802 345 dubio,
827 318 913 349 quae
937 314 1019 339 esset
1037 318 1115 338 vera
1131 304 1354 345 circumcisio,

214 366 433 407 intelligebat,
457 366 551 410 quod
576 374 659 399 essct
681 378 798 398 verum
821 366 957 410 pascha,
981 366 1118 407 sciebat,
1142 379 1231 411 quae
1248 374 1355 399 essent

215 440 313 460 verae
342 426 562 466 neomeniae,
602 435 635 459 et
669 439 757 471 quae
790 440 869 460 vera
899 428 1057 461 sabbata:
1097 437 1129 460 et
1160 440 1239 460 cum
1270 427 1355 460 haec

215 488 331 521 omnia
355 487 569 522 intellexisset
591 487 627 520 in
651 487 790 532 spiritu,
821 484 931 521 verbis
955 498 1070 522 tamen
1094 502 1131 522 ea
1155 501 1218 534 per
1241 502 1356 523 rerum

215 550 453 595 corporalium
484 548 612 594 species
647 550 994 594 adumbrationesque
1026 551 1175 584 velabat:
1212 559 1244 583 et
1276 563 1354 583 cum

213 610 311 644 sciret
347 623 463 643 verum
498 611 623 655 pascha
641 611 907 655 -immolandum
933 624 1002 644 esse
1027 611 1216 653 Christum,
1255 625 1355 645 ovem

215 672 433 716 corporalem
456 672 635 706 immolare
657 674 797 705 mandat
819 672 853 705 in
877 673 1015 718 pascha.
1070 672 1226 718 Cumque,
1257 672 1356 706 sciret

215 734 308 766 diem
332 734 453 767 festum
478 733 529 776 agi
554 734 680 766 dehere
710 733 745 765 in
770 737 898 779 azymis
921 734 1120 769 sinceritatis
1145 743 1177 767 et
1199 733 1355 774 veritatis,

213 805 328 828 tamen
362 797 404 828 de
435 794 563 828 farinae
594 794 716 841 azymis
751 796 982 840 praecipiebat
1013 796 1064 839 agi
1095 797 1186 829 diem
1219 797 1359 829 festum.

214 855 311 890 Haec
347 869 426 899 crgo
460 866 491 889 et
521 855 720 902 hujusmodi
752 867 847 891 erant
871 867 992 891 sancta·
1019 867 1235 898 sanctorum,
1270 869 1358 902 quae

216 932 295 951 cum
320 918 435 951 Bloses
467 918 636 962 portanda
667 919 784 953 ceteris
815 921 979 962 traderet,
1019 914 1057 952 id
1089 928 1156 963 est,
1198 920 1300 952 rebus
1325 926 1358 950 et

215 979 376 1024 operibus
408 979 599 1023 implenda,
638 990 799 1025 cooperta
831 991 944 1014 tamen
971 994 1027 1021 ea,
1066 989 1099 1013 et
1128 980 1236 1013 velata
1261 991 1356 1012 com-

216 1041 313 1073 muni
336 1053 532 1073 sermonum
564 1042 721 1075 tradebat
755 1042 905 1087 eloquio.
960 1041 1104 1075 Homeri
1127 1050 1239 1074 autem
1263 1041 1360 1085 quod

216 1115 360 1146 operum
385 1102 549 1135 indicium
574 1111 728 1143 teneant,
766 1105 801 1136 in
827 1103 939 1136 multis
965 1103 1162 1147 Scripturae
1185 1114 1284 1146 saepe
1307 1103 1362 1134 lo-

215 1163 261 1197 cis
293 1163 512 1196 ostendimus.
576 1164 645 1196 Sed
678 1174 710 1197 et
742 1165 777 1197 in
802 1164 1031 1197 ecclesiasticis
1060 1160 1358 1197 observationibus

214 1234 294 1258 sunt
322 1226 490 1258 nonnulla
527 1224 742 1270 hujusmodi,
775 1238 862 1270 quae
895 1226 1055 1259 omnibus
1085 1225 1223 1269 quidem
1246 1225 1359 1258 facere

215 1299 352 1320 necesse
376 1296 434 1327 cst,
457 1300 520 1319 nec
545 1296 658 1319 tamen
683 1287 771 1320 ratio
797 1300 916 1321 eorum
942 1287 1101 1320 omnibus
1121 1295 1222 1332 patet.
1269 1286 1360 1318 Nam

219 1348 324 1391 quod,
350 1347 444 1380 verbi
469 1349 589 1388 gratia,
621 1361 730 1390 genua
763 1349 928 1381 flectimus
953 1357 1105 1387 orantes,
1137 1357 1168 1380 et
1199 1347 1295 1392 quod
1320 1359 1359 1379 ex

220 1409 381 1442 omnibus
414 1408 499 1441 coeli
531 1409 637 1453 plagis
669 1411 713 1443 ad
745 1410 853 1442 solam
888 1408 1025 1442 orientis
1048 1418 1179 1452 partem
1206 1406 1358 1440 conversi

217 1470 411 1503 orationem
442 1470 634 1511 fundimus,
672 1483 744 1504 non
786 1470 883 1504 facile
915 1469 1073 1514 cuiquam
1105 1478 1193 1514 puto
1224 1468 1358 1502 ratione

220 1540 445 1575 compertum.
501 1532 569 1564 Sed
599 1541 632 1564 et
668 1531 889 1565 eucharistiae
910 1532 977 1565 sive
1000 1530 1256 1576 percipiendae,
1289 1530 1358 1563 sive

222 1605 262 1624 eo
288 1592 366 1632 ritu,
390 1606 458 1637 quo
487 1594 621 1633 geritur,
648 1593 877 1637 explicandae,
902 1593 954 1625 vel
973 1605 1104 1632 corum,
1128 1604 1215 1636 quae
1232 1603 1358 1633 gerun-

220 1663 277 1687 tur
299 1655 335 1686 in
360 1654 549 1698 baptismo,
585 1655 767 1687 verborum
794 1664 1033 1698 gestorumque
1065 1663 1098 1686 et
1122 1653 1284 1686 ordinum
1308 1662 1359 1685 at-

221 1727 287 1759 que
310 1715 615 1757 interrogationum
640 1729 677 1748 ac
701 1716 965 1760 responsionum
996 1715 1071 1759 quis
1094 1713 1193 1747 facile
1217 1714 1360 1758 explicet

220 1775 412 1809 rationem?
461 1776 503 1808 Et
537 1786 651 1810 tamen
683 1777 798 1810 omnia
830 1778 911 1810 haec
945 1786 1064 1821 operta
1089 1785 1121 1808 et
1144 1776 1252 1808 velata
1275 1787 1359 1819 por-

219 1847 330 1871 tamus
354 1851 455 1881 super
482 1838 640 1871 humeros
672 1847 822 1871 nostros:
862 1852 938 1870 cum
974 1839 1020 1871 ita
1050 1838 1232 1882 implemus
1264 1848 1302 1868 ea
1327 1846 1360 1870 et

221 1899 444 1942 exsequimur,
470 1909 502 1931 ut
529 1913 546 1932 a
572 1912 695 1941 magno
722 1900 885 1944 pontifice
910 1909 1010 1944 atque
1034 1898 1103 1944 ejus
1126 1897 1202 1932 filiis
1224 1897 1358 1938 tradita,

221 1970 252 1993 et
276 1963 513 1994 commendata
537 1962 756 2006 suscepimus.
805 1961 935 1994 Cuncta
961 1962 1043 1994 haec
1069 1972 1147 2002 ergo
1172 1967 1204 1991 et
1226 1959 1354 1992 horum

220 2022 341 2055 similia
369 2036 445 2055 cum
469 2023 626 2065 gerimuS,
649 2036 712 2056 nec
735 2031 851 2056 tamen
876 2036 994 2057 eorum
1020 2020 1228 2066 assequimur
1252 2019 1357 2053 ratio-

220 2096 317 2123 nem,
354 2084 500 2117 levamus
530 2084 679 2117 humeris
711 2084 834 2118 nostris
865 2093 898 2117 et
929 2093 1104 2129 portamus
1136 2083 1300 2127 adoperta
1324 2090 1357 2114 et

222 2144 354 2177 obtecta
395 2144 505 2177 divina
543 2145 721 2191 mysteria,
759 2145 823 2179 nisi
859 2145 932 2190 quis
965 2145 1007 2179 sit
1030 2145 1118 2178 inter
1139 2157 1204 2178 nos
1227 2143 1356 2182 Aaron,

219 2214 276 2238 aut
300 2205 387 2238 fliius
412 2208 547 2246 Aaron,
573 2206 694 2250 quibus
726 2206 789 2240 ista
813 2206 1013 2240 conceditur
1035 2207 1128 2240 nuda
1153 2214 1186 2239 et
1208 2205 1356 2239 revelata.

222 2266 423 2312 perspicere.
484 2267 533 2300 lta
558 2276 669 2301 tamen
695 2267 908 2309 conceditur,
939 2277 975 2302 ut
999 2267 1105 2303 sciant
1127 2266 1191 2302 sibi
1213 2267 1357 2302 velanda
