1427 2460
191 43 259 77 216
667 41 848 77 Omozms

194 132 404 166 voluntatem
436 130 524 177 ejus,
556 129 615 174 qui
648 143 704 163 me
734 129 855 164 misit.“
902 129 1006 177 Cujus
1037 129 1154 175 utique
1177 132 1328 172 voluntas

194 193 278 226 haec
302 202 392 233 erat,
422 201 460 224 ut
486 198 598 232 gentes
623 200 901 225 converterentur
932 193 975 225 ad
998 191 1112 225 fidem.
1161 191 1269 236 Quod
1290 192 1328 233 si,

194 263 233 287 ut
266 254 421 299 superius
453 252 650 292 docuimus,
687 253 872 286 crassitudo
904 252 1081 297 culpabilis
1112 253 1276 293 habetur,
1310 266 1329 286 e

196 314 370 348 contrario
401 313 567 348 subtilitas
591 314 771 347 laudabilis
795 314 950 347 habenda
976 324 1038 347 est:
1072 315 1151 359 quia
1176 323 1208 348 et
1230 313 1328 359 spiri—

194 386 247 409 tus
262 376 297 422 ¹)
319 375 515 421 sapientiae,
541 377 598 420 qui
621 374 850 416 intelligibilis,
873 384 905 408 et
926 386 1068 416 sanctus,
1093 375 1175 418 et²)
1199 375 1330 415 unicus,

195 446 228 470 et
250 437 426 483 multiplex
452 438 590 479 dicitur,
622 437 776 470 similiter
807 445 839 469 et
868 436 999 471 subtilis
1031 450 1099 472 esse
1121 438 1330 482 perhibetur.

196 498 263 540 „Et
276 498 313 543 ³)
338 498 454 545 jaculis
480 499 545 532 suis
569 499 736 541 sagittabit
755 498 961 532 inimicum.“
989 498 1110 532 Jacula
1127 498 1206 545 ejus,
1229 499 1331 531 verba

194 560 266 606 ejus
290 571 377 603 sunt,
403 560 526 605 quibus
551 561 602 592 vel
629 560 807 593 diabolum
831 559 923 599 vicit,
948 560 999 592 vel
1025 573 1142 593 omnes
1163 558 1332 597 inimicos,

193 631 224 654 et
257 622 529 655 contradicentes
561 621 624 655 sibi
656 621 754 654 etiam
785 635 878 654 nunc
909 631 1045 666 superat
1076 630 1108 655 et
1138 620 1332 663 confringit.

193 683 317 717 Omnis
342 684 431 717 enim
457 684 514 728 qui
539 693 678 728 peccat,
702 683 860 717 inimicus
892 682 961 729 ejus
993 693 1057 722 est,
1089 683 1172 715 dum
1203 690 1330 727 peccat.

192 744 230 778 Si
264 754 377 778 autem
414 744 528 778 audiat
562 746 662 778 verba
695 745 780 786 Dei,
815 755 848 778 et
878 758 1062 787 agnoscens
1093 752 1233 789 peccata
1260 756 1332 783 sua,

194 805 384 848 configatur
408 820 447 840 ex
478 806 517 840 iis
542 816 573 840 et
597 816 858 852 compungatur,
893 817 992 852 atque
1017 807 1061 839 ad
1084 805 1331 850 poenitentiam

194 876 422 908 convertatur,
440 869 583 902 veritatis
605 881 765 902 sermone
788 870 992 909 terebratus,
1017 868 1117 901 etiam
1141 868 1214 911 ipse
1239 866 1333 900 dice-

193 937 251 961 tur
275 927 396 974 jaculis
421 929 491 975 ejus
504 929 540 974 ⁶²)
567 943 636 964 esse
660 931 822 963 confixus.
861 929 929 963 Sed
953 939 1031 974 post
1055 929 1138 962 haec
1163 929 1264 961 etiam
1289 929 1332 961 de

194 990 266 1034 ipsa
291 991 456 1035 passionis
482 992 732 1037 dispensatione
764 1000 1031 1031 commemorat,
1065 999 1096 1023 et
1121 990 1217 1023 dicit:
1253 1002 1330 1034 „re-

194 1052 357 1086 cumbens
371 1052 407 1096 6>
431 1053 595 1097 requievit
624 1063 661 1086 ut
694 1054 767 1091 leo,
800 1061 832 1084 et
862 1061 900 1084 ut
924 1052 1062 1085 'catulus
1094 1051 1221 1085 leonis:
1257 1051 1332 1096 quis

195 1113 351 1146 excitabit
375 1113 504 1147 eum?“
551 1113 731 1159 Requievit
754 1122 790 1145 ut
813 1114 887 1153 leo,
919 1127 996 1146 cum
1020 1112 1056 1146 in
1081 1125 1181 1146 cruce
1203 1113 1331 1158 positus

193 1174 404 1220 principatus
428 1184 460 1208 et
482 1184 664 1221 potestates
689 1174 787 1215 exuit,
812 1184 844 1208 et
866 1174 1088 1219 triumphavit
1111 1187 1165 1207 eas
1181 1173 1217 1207 in
1237 1173 1330 1216 ligno

195 1236 313 1270 crucis.
372 1236 420 1270 Ut
457 1238 585 1269 catulus
621 1245 733 1269 autem
767 1236 892 1276 leonis,
930 1249 1007 1269 curn
1047 1235 1226 1269 resurrexit
1239 1234 1276 1279 ⁶)
1312 1247 1331 1267 a

194 1310 319 1331 somno
343 1299 472 1332 mortis.
521 1297 629 1341 Quod
655 1307 766 1330 autem
791 1297 883 1330 leoni
907 1296 1006 1331 simul
1031 1307 1063 1330 et
1085 1297 1199 1329 catulo
1222 1294 1331 1328 leonis

196 1369 434 1404 comparatur,
464 1368 576 1404 potest
600 1359 712 1392 adhuc
737 1368 769 1391 et
791 1368 932 1403 propter
956 1359 1022 1391 hoc
1046 1357 1201 1400 intelligi,
1234 1366 1272 1389 ut
1294 1356 1331 1389 in

194 1419 251 1460 iis,
277 1420 337 1465 qui
359 1420 502 1465 perfecti
530 1429 625 1459 sunt,
656 1419 730 1460 leo,
758 1420 794 1452 in
819 1421 856 1453 iis
880 1433 978 1460 vero,
1003 1420 1061 1464 qui
1084 1417 1331 1463 incipientes⁷)

194 1490 274 1514 sunt
302 1490 334 1513 et
357 1483 473 1521 rudes,
500 1482 628 1514 catulus
652 1482 760 1515 leonis
784 1481 991 1515 nominetur.
1039 1481 1148 1524 Quod
1164 1493 1244 1513 vero
1269 1480 1331 1513 ait:

196 1541 293 1587 „quis
307 1541 344 1586 8)
370 1542 546 1576 suscitabit
570 1542 700 1576 eum?“
723 1543 874 1583 idcirco,
898 1543 976 1587 quia
999 1555 1093 1576 nunc
1116 1555 1135 1574 a
1158 1550 1256 1586 patre
1280 1541 1332 1575 di-

197 1603 285 1637 citur
315 1604 508 1644 suscitatus,
538 1617 631 1638 nunc
663 1604 762 1636 etiam
795 1605 866 1648 ipse
896 1606 1064 1649 templum
1098 1603 1252 1648 corporis
1280 1603 1332 1637 sui

195 1673 274 1710 post
297 1665 447 1698 triduum
480 1666 640 1700 suscitare
663 1678 698 1699 se
729 1666 827 1699 dicit:
866 1676 899 1699 et
928 1665 1050 1698 merito
1080 1665 1114 1698 in
1146 1666 1213 1699 hoc
1237 1665 1331 1710 quasi

196 1727 427 1772 percontantis
451 1727 644 1770 designatur
667 1727 815 1760 affectus.
863 1726 1008 1771 ‚,Qui⁹)
1030 1726 1237 1760 benedicunt
1259 1726 1330 1767 tibi,

292 1901 327 1945 ¹)
353 1900 424 1935 Cfr.
449 1901 529 1946 Sap.
555 1901 734 1936 Salomon.
760 1902 919 1943 vl1‚22.

287 1956 326 2000 ²)
349 1956 428 1991 Mss.
453 1966 508 1997 „et
522 1956 641 1991 unicus
658 1967 690 1990 et
712 1957 921 2003 multiplex,“
943 1959 1002 1991 sed
1027 1958 1104 1991 libri
1128 1967 1225 1992 antea
1249 1958 1330 1992 editi

170 1982 244 2045 (v.
268 2014 295 2036 c.
321 2003 398 2035 edd.
422 2002 491 2047 M.)
518 2002 680 2037 omittunt
704 2003 824 2036 verba:
847 2013 901 2043 „et
923 2017 1054 2037 unicus
1056 2008 1076 2023 ‘⁴
1108 2004 1148 2037 R.

289 2057 326 2101 ³)
352 2058 454 2091 Num.
478 2059 608 2100 XXIV,
630 2058 662 2093 8.
756 2057 792 2102 ι)
817 2058 922 2093 Deest
943 2058 1058 2105 „ejus“
1080 2059 1116 2092 in
1141 2060 1193 2092 ed.
1211 2058 1327 2092 Ruaei.

292 2112 329 2157 ⁵)
353 2112 454 2147 Num.
479 2114 609 2159 XXIV,
632 2114 665 2148 9.
759 2113 799 2156 ⁵)
820 2114 911 2150 Edd.
936 2114 1091 2148 Merlini:
1116 2114 1266 2157 resurgit.

291 2168 326 2211 ⁷)
350 2168 440 2206 Edd,
464 2169 623 2202 Merlini:
647 2169 852 2214 insipientes.

288 2222 325 2267 ⁸)
349 2224 449 2257 Num.
474 2223 603 2264 xxlv,
625 2225 658 2258 9.
862 2225 899 2269 ⁹)
925 2226 1025 2259 Num.
1051 2226 1178 2265 xxlv.
1201 2226 1232 2259 9.
