1427 2460
315 79 355 105 m
377 70 558 104 Nummos
582 67 741 101 nomm
763 66 889 101 XXVI.
1096 68 1163 103 319

40 163 169 195 offerre
188 160 278 201 Deo,
301 160 402 205 positi
426 159 460 193 in
485 158 698 191 dissensione.
744 157 829 191 Istos
853 166 937 202 puto
955 169 1023 190 esse
1046 170 1167 191 secun-

40 224 122 256 dum
146 222 383 264 Evangelium,
413 220 471 265 qui
495 229 713 264 praeceptum
737 220 823 252 illud
848 219 1023 261 diligenter
1047 220 1164 253 obser-

40 294 128 324 vant,
152 284 245 329 quod
269 282 589 316 mandatDominus
613 291 645 314 et
662 281 834 315 Salvator:
856 280 952 324 ,‚si¹)
975 291 1087 314 autem
1113 284 1164 314 of—

40 346 105 378 fers
129 359 251 378 munus
273 354 370 377 tuum
397 344 439 377 ad
464 343 582 383 altare,
614 352 645 376 ct
670 351 913 375 rememoratus
938 343 1057 383 fueris,
1085 342 1164 388 quia

40 406 142 439 frater
169 415 245 438 tuus
277 405 445 449 habeat2)
479 404 606 449 aliquid
638 405 813 437 adversum
847 413 897 443 te,
934 405 1087 448 relinque
1117 404 1164 437 ibi

37 481 160 501 munus
190 475 286 500 tuum
322 467 366 500 ad
395 467 516 506 altare,
545 475 577 498 et
606 467 691 499 vade
719 465 813 509 prius
838 465 1049 498 reconciliari
1071 466 1167 499 fratri

39 536 116 567 tuo,
145 536 176 560 et
205 536 288 559 tunc
318 527 452 562 veniens
477 529 598 561 offeres
622 540 745 560 munus
768 531 909 559 tuum:“
941 540 1008 572 quo
1039 527 1169 561 scilicet

0 587 1 619 ἶ
37 589 147 621 levent
159 589 196 633 ³)
225 601 343 623 manus
380 603 455 624 suas
487 591 529 622 ad
560 590 673 622 Deum
707 588 777 622 sine
807 589 856 622 ira
887 598 919 622 et
949 590 1166 623 dissensione.

39 650 96 684 Isti
119 660 197 684 sunt
222 664 320 693 ergo,
353 651 410 696 qui
436 651 567 684 dicunt:
597 649 814 692 „collegimus
827 648 863 694 ⁴)
886 664 1051 683 summam
1076 651 1166 684 viro-

39 726 116 746 rum
148 713 352 747 bellatorum
384 721 598 752 nostrorum,
641 721 672 745 et
707 726 779 745 non
814 710 966 745 dissensit
998 724 1035 744 ex
1065 712 1166 746 nobis

41 774 236 820 quisquam,
269 784 301 807 et
326 773 509 806 obtulimus
533 787 656 806 munus
680 772 863 806 Domino.“
911 773 1082 805 Discenda
1105 773 1166 814 igi-

38 845 93 869 tur
115 836 215 869 nobis
239 848 445 880 magnopere
469 844 516 868 est
539 834 828 878 consonantiae5)
861 833 1054 878 disciplina:
1088 834 1166 878 quia

37 906 199 941 tanquam
228 896 263 929 in
294 897 447 936 musicis,
476 897 502 929 si
526 896 704 930 harmonia
729 896 935 929 chordarum
960 896 1060 928 fuerit
1083 910 1167 929 con-

39 968 200 1005 sonanter
224 967 344 1003 aptata,
367 972 489 992 sonum
514 971 649 990 suavem
672 957 838 990 modulati
862 957 1017 991 carminis
1041 958 1168 998 reddin

37 1020 64 1053 si
87 1033 167 1053 vero
192 1019 233 1052 sit
255 1019 367 1065 aliqua
390 1021 425 1054 in
449 1019 574 1052 fidibus
599 1019 821 1059 dissonantia,
849 1019 1088 1060 ingratissimus
1110 1033 1165 1054 so-

37 1094 101 1114 nus
125 1081 294 1121 redditur,
318 1090 349 1113 et
377 1081 531 1114 carminis
556 1081 703 1114 dulcedo
729 1081 976 1125 corrumpitur:
1007 1081 1050 1114 ita
1075 1091 1108 1114 et
1132 1081 1166 1119 ii,

39 1143 97 1187 qui
128 1143 204 1175 Deo
237 1142 401 1183 militant,
430 1142 456 1175 si
488 1141 707 1175 dissensiones
738 1151 769 1175 et
799 1141 983 1175 discordias
1013 1141 1101 1176 inter
1132 1157 1167 1176 sc

38 1205 204 1244 habeant,
231 1203 358 1246 ingrata
384 1213 482 1236 erunt
507 1204 630 1244 omnia,
655 1212 687 1236 et
708 1203 793 1236 nihil
817 1212 993 1247 acceptum
1014 1204 1092 1236 Deo
1116 1203 1166 1235 vi·-

41 1266 194 1304 debitur,
232 1264 357 1298 etiamsi
392 1266 497 1298 multa
532 1266 621 1298 bella
658 1264 858 1305 conficiant,
896 1265 1022 1298 etiamsi
1057 1265 1165 1311 spolia

37 1327 143 1359 multa
169 1327 338 1365 deserant,
369 1335 400 1358 et
423 1327 529 1359 multa
553 1339 695 1359 munera
720 1327 868 1359 offerant
890 1327 977 1359 Deo.
1024 1326 1167 1360 Dicetur

39 1387 130 1420 enim
161 1388 204 1420 ad
232 1399 306 1420 eos:
344 1388 480 1432 depone
509 1401 632 1421 munus
662 1397 759 1420 tuum
789 1389 833 1420 ad
863 1389 982 1427 altare,
1021 1398 1052 1421 et
1083 1389 1166 1421 vade

38 1449 133 1494 prius
154 1448 369 1481 reconciliari
394 1449 488 1482 fratri
512 1458 583 1488 tuo,
606 1458 643 1481 ut
665 1449 770 1494 possis
794 1459 825 1482 et
847 1459 883 1482 tu
907 1450 993 1483 inter
1016 1463 1084 1489 eos,
1109 1450 1167 1494 qui

38 1523 168 1544 summa
191 1519 269 1544 sunt
282 1509 431 1544 virorum
448 1510 663 1552 bellatorum,
687 1511 869 1550 numerari,
893 1521 924 1544 et
941 1512 1063 1551 dicere,
1088 1511 1166 1555 quia

38 1569 110 1606 non
142 1571 294 1605 dissensit
325 1584 363 1604 ex
400 1572 499 1605 nobis
533 1571 719 1617 quisquam.
777 1573 850 1614 Ego
887 1573 985 1606 etiam
1022 1574 1167 1618 amplius

38 1633 165 1678 aliquid
196 1634 283 1666 dico.
335 1633 408 1666 Nisi
439 1632 512 1665 talis
542 1633 661 1673 fueris,
693 1643 732 1666 ut
762 1634 795 1667 in
825 1635 922 1667 nullo
954 1634 1124 1668 dissentias
1147 1647 1165 1667 a

39 1694 206 1728 mandatis
221 1694 298 1736 Dei,
321 1707 384 1728 nec
408 1694 442 1727 in
467 1693 581 1739 aliquo
602 1695 770 1740 discrepes
790 1696 832 1728 ab
852 1695 1046 1738 evangelicis
1067 1709 1167 1740 prae-

134 1873 169 1915 ¹)
192 1872 313 1908 Matth.
337 1873 378 1915 V,
400 1875 454 1909 23.
478 1874 530 1908 24.
556 1896 600 1903 -
622 1873 711 1907 Edd.
734 1873 891 1907 Merlini:
922 1874 949 1906 si
974 1883 1088 1907 autem
1112 1874 1164 1906 of-

40 1928 127 1961 feres
151 1936 212 1961 etc.

129 1985 167 2027 ²)
190 1984 281 2017 Edd.
304 1984 460 2019 Merlini:
484 1986 595 2019 habet.

128 2038 167 2082 ³)
190 2040 270 2073 Mss.
285 2040 450 2080 „levent.“
464 2041 556 2074 Libri
572 2041 651 2075 editi
665 2042 713 2086 (v.
728 2055 756 2075 c.
773 2042 849 2077 edd.
864 2041 949 2086 M.:)
974 2042 1111 2082 „levet.“
1123 2040 1164 2074 R.

131 2094 170 2139 ⁴)
193 2096 295 2129 Num.
326 2095 465 2137 XXXI,
492 2097 546 2131 49.
578 2099 632 2132 50.
670 2098 747 2132 coll.
775 2098 882 2131 LXX.
911 2097 1061 2131 virorum
1090 2109 1165 2130 ver-

39 2138 144 2174 sione.

132 2194 169 2238 ⁵)
191 2195 272 2228 Mss.
298 2198 561 2236 „consonantiae
592 2197 803 2242 disciplina.“
847 2199 941 2233 Libri
964 2199 1044 2233 editi
1066 2199 1113 2244 (v.
1138 2212 1165 2231 c.

41 2241 117 2273 edd.
140 2239 228 2285 MA)
252 2243 493 2282 „consonantia
518 2243 745 2288 disciplinae.“
768 2243 808 2277 R.
