<?xml version="1.0" encoding="UTF-8"?>
<!DOCTYPE html PUBLIC "-//W3C//DTD XHTML 1.0 Transitional//EN"
    "http://www.w3.org/TR/xhtml1/DTD/xhtml1-transitional.dtd">
<html xmlns="http://www.w3.org/1999/xhtml" xml:lang="en" lang="en">
 <head>
  <title>
</title>
<meta http-equiv="Content-Type" content="text/html;charset=utf-8" />
  <meta name='ocr-system' content='tesseract 3.04.00' />
  <meta name='ocr-capabilities' content='ocr_page ocr_carea ocr_par ocr_line ocrx_word'/>
</head>
<body>
  <div class='ocr_page' id='page_1' title='image "./operaomniaquaegr10orig_0108.png"; bbox 0 0 1427 2460; ppageno 0'>
   <div class='ocr_carea' id='block_1_1' title="bbox 238 78 891 115">
    <p class='ocr_par' dir='ltr' id='par_1_1' title="bbox 238 78 891 115">
     <span class='ocr_line' id='line_1_1' title="bbox 238 78 891 115; baseline -0.008 0"><span class='ocrx_word' id='word_1_1' title='bbox 238 80 283 115; x_wconf 82' lang='lat'><strong>86</strong></span> <span class='ocrx_word' id='word_1_2' title='bbox 714 78 891 111; x_wconf 71' lang='lat' dir='ltr'><strong>Omessms</strong></span> 
     </span>
    </p>
   </div>
   <div class='ocr_carea' id='block_1_2' title="bbox 244 167 1396 1692">
    <p class='ocr_par' dir='ltr' id='par_1_2' title="bbox 244 167 1396 1692">
     <span class='ocr_line' id='line_1_2' title="bbox 245 167 1384 213; baseline -0.004 -9"><span class='ocrx_word' id='word_1_3' title='bbox 245 171 335 204; x_wconf 82' lang='lat' dir='ltr'><strong>enim</strong></span> <span class='ocrx_word' id='word_1_4' title='bbox 360 171 448 212; x_wconf 80' lang='lat' dir='ltr'><strong>virga</strong></span> <span class='ocrx_word' id='word_1_5' title='bbox 472 181 552 209; x_wconf 81' lang='lat' dir='ltr'><strong>una,</strong></span> <span class='ocrx_word' id='word_1_6' title='bbox 577 181 640 213; x_wconf 89' lang='lat' dir='ltr'><strong>per</strong></span> <span class='ocrx_word' id='word_1_7' title='bbox 663 168 809 209; x_wconf 84' lang='lat' dir='ltr'>tribum,</span> <span class='ocrx_word' id='word_1_8' title='bbox 842 181 904 213; x_wconf 84' lang='lat' dir='ltr'><strong>per</strong></span> <span class='ocrx_word' id='word_1_9' title='bbox 928 169 1050 201; x_wconf 87' lang='lat' dir='ltr'><strong>domos</strong></span> <span class='ocrx_word' id='word_1_10' title='bbox 1073 167 1284 201; x_wconf 80' lang='lat' dir='ltr'>familiarum</span> <span class='ocrx_word' id='word_1_11' title='bbox 1307 181 1384 201; x_wconf 82' lang='lat' dir='ltr'><strong>sua·</strong></span> 
     </span>
     <span class='ocr_line' id='line_1_3' title="bbox 245 229 1386 275; baseline -0.003 -9"><span class='ocrx_word' id='word_1_12' title='bbox 245 246 320 267; x_wconf 83' lang='lat' dir='ltr'><strong>rum</strong></span> <span class='ocrx_word' id='word_1_13' title='bbox 346 233 477 265; x_wconf 82' lang='lat' dir='ltr'><strong>dabunt</strong></span> <span class='ocrx_word' id='word_1_14' title='bbox 500 230 570 263; x_wconf 81' lang='lat' dir='ltr'><strong>tibi.</strong></span> <span class='ocrx_word' id='word_1_15' title='bbox 625 229 670 263; x_wconf 91' lang='lat' dir='ltr'><strong>Et</strong></span> <span class='ocrx_word' id='word_1_16' title='bbox 698 244 806 275; x_wconf 81' lang='lat' dir='ltr'><strong>pones</strong></span> <span class='ocrx_word' id='word_1_17' title='bbox 839 243 894 263; x_wconf 86' lang='lat' dir='ltr'><strong>eas</strong></span> <span class='ocrx_word' id='word_1_18' title='bbox 923 229 959 263; x_wconf 84' lang='lat' dir='ltr'><strong>in</strong></span> <span class='ocrx_word' id='word_1_19' title='bbox 989 230 1263 274; x_wconf 77' lang='lat' dir='ltr'><strong>tabernaculo¹)</strong></span> <span class='ocrx_word' id='word_1_20' title='bbox 1295 230 1386 263; x_wconf 82' lang='lat' dir='ltr'><strong>testi-</strong></span> 
     </span>
     <span class='ocr_line' id='line_1_4' title="bbox 244 291 1386 337; baseline -0.003 -10"><span class='ocrx_word' id='word_1_21' title='bbox 244 294 354 328; x_wconf 84' lang='lat' dir='ltr'><strong>monii</strong></span> <span class='ocrx_word' id='word_1_22' title='bbox 378 301 496 326; x_wconf 85' lang='lat' dir='ltr'><strong>contra</strong></span> <span class='ocrx_word' id='word_1_23' title='bbox 522 305 653 331; x_wconf 83' lang='lat' dir='ltr'><strong>arcam,</strong></span> <span class='ocrx_word' id='word_1_24' title='bbox 684 305 722 325; x_wconf 85' lang='lat' dir='ltr'><strong>ex</strong></span> <span class='ocrx_word' id='word_1_25' title='bbox 757 292 880 337; x_wconf 86' lang='lat' dir='ltr'><strong>quibus</strong></span> <span class='ocrx_word' id='word_1_26' title='bbox 913 304 1075 334; x_wconf 84' lang='lat' dir='ltr'><strong>agnoscar</strong></span> <span class='ocrx_word' id='word_1_27' title='bbox 1103 291 1166 325; x_wconf 84' lang='lat' dir='ltr'><strong>tibi</strong></span> <span class='ocrx_word' id='word_1_28' title='bbox 1197 291 1287 325; x_wconf 84' lang='lat' dir='ltr'><strong>inde.</strong></span> <span class='ocrx_word' id='word_1_29' title='bbox 1341 291 1386 324; x_wconf 84' lang='lat' dir='ltr'><strong>Et</strong></span> 
     </span>
     <span class='ocr_line' id='line_1_5' title="bbox 247 353 1384 400; baseline -0.002 -12"><span class='ocrx_word' id='word_1_30' title='bbox 247 355 308 388; x_wconf 88' lang='lat' dir='ltr'><strong>erit</strong></span> <span class='ocrx_word' id='word_1_31' title='bbox 331 355 459 394; x_wconf 85' lang='lat' dir='ltr'><strong>homo,</strong></span> <span class='ocrx_word' id='word_1_32' title='bbox 491 366 732 398; x_wconf 82' lang='lat' dir='ltr'><strong>quemcunque</strong></span> <span class='ocrx_word' id='word_1_33' title='bbox 765 355 915 396; x_wconf 85' lang='lat' dir='ltr'><strong>elegero,</strong></span> <span class='ocrx_word' id='word_1_34' title='bbox 951 355 1040 395; x_wconf 83' lang='lat' dir='ltr'><strong>virga</strong></span> <span class='ocrx_word' id='word_1_35' title='bbox 1073 353 1143 400; x_wconf 84' lang='lat' dir='ltr'><strong>ejus</strong></span> <span class='ocrx_word' id='word_1_36' title='bbox 1167 353 1384 394; x_wconf 79' lang='lat' dir='ltr'>germinabit:</span> 
     </span>
     <span class='ocr_line' id='line_1_6' title="bbox 247 414 1384 459; baseline -0.002 -9"><span class='ocrx_word' id='word_1_37' title='bbox 247 427 280 450; x_wconf 86' lang='lat' dir='ltr'><strong>et</strong></span> <span class='ocrx_word' id='word_1_38' title='bbox 303 417 456 450; x_wconf 84' lang='lat' dir='ltr'><strong>auferam</strong></span> <span class='ocrx_word' id='word_1_39' title='bbox 480 428 499 448; x_wconf 85' lang='lat' dir='ltr'><strong>a</strong></span> <span class='ocrx_word' id='word_1_40' title='bbox 530 425 563 448; x_wconf 89' lang='lat' dir='ltr'><strong>te</strong></span> <span class='ocrx_word' id='word_1_41' title='bbox 596 415 901 449; x_wconf 78' lang='lat' dir='ltr'><strong>murmurationem</strong></span> <span class='ocrx_word' id='word_1_42' title='bbox 925 415 1076 449; x_wconf 84' lang='lat' dir='ltr'><strong>filiorum</strong></span> <span class='ocrx_word' id='word_1_43' title='bbox 1102 415 1220 455; x_wconf 77' lang='lat' dir='ltr'><strong>israel,</strong></span> <span class='ocrx_word' id='word_1_44' title='bbox 1249 414 1285 447; x_wconf 87' lang='lat' dir='ltr'><strong>in</strong></span> <span class='ocrx_word' id='word_1_45' title='bbox 1310 415 1384 459; x_wconf 88' lang='lat' dir='ltr'><strong>qui-</strong></span> 
     </span>
     <span class='ocr_line' id='line_1_7' title="bbox 246 476 1387 522; baseline 0 -12"><span class='ocrx_word' id='word_1_46' title='bbox 246 479 447 522; x_wconf 90' lang='lat' dir='ltr'><strong>buscunque</strong></span> <span class='ocrx_word' id='word_1_47' title='bbox 476 486 693 516; x_wconf 79' lang='lat' dir='ltr'><strong>murmurant</strong></span> <span class='ocrx_word' id='word_1_48' title='bbox 725 477 790 522; x_wconf 88' lang='lat' dir='ltr'><strong>ipsi</strong></span> <span class='ocrx_word' id='word_1_49' title='bbox 821 479 864 511; x_wconf 85' lang='lat' dir='ltr'><strong>de</strong></span> <span class='ocrx_word' id='word_1_50' title='bbox 894 477 1021 511; x_wconf 79' lang='lat' dir='ltr'><strong>vobis.“</strong></span> <span class='ocrx_word' id='word_1_51' title='bbox 1084 476 1205 511; x_wconf 87' lang='lat' dir='ltr'><strong>Omnis</strong></span> <span class='ocrx_word' id='word_1_52' title='bbox 1229 477 1387 522; x_wconf 86' lang='lat' dir='ltr'><strong>princeps</strong></span> 
     </span>
     <span class='ocr_line' id='line_1_8' title="bbox 246 538 1384 584; baseline -0.001 -12"><span class='ocrx_word' id='word_1_53' title='bbox 246 539 353 572; x_wconf 82' lang='lat' dir='ltr'><strong>tribus</strong></span> <span class='ocrx_word' id='word_1_54' title='bbox 379 548 411 572; x_wconf 87' lang='lat' dir='ltr'><strong>et</strong></span> <span class='ocrx_word' id='word_1_55' title='bbox 433 539 555 584; x_wconf 89' lang='lat' dir='ltr'><strong>populi</strong></span> <span class='ocrx_word' id='word_1_56' title='bbox 580 539 683 571; x_wconf 81' lang='lat' dir='ltr'><strong>habet</strong></span> <span class='ocrx_word' id='word_1_57' title='bbox 706 538 840 580; x_wconf 78' lang='lat' dir='ltr'><strong>virgam.</strong></span> <span class='ocrx_word' id='word_1_58' title='bbox 882 540 962 572; x_wconf 79' lang='lat' dir='ltr'><strong>Non</strong></span> <span class='ocrx_word' id='word_1_59' title='bbox 985 538 1075 571; x_wconf 83' lang='lat' dir='ltr'><strong>enim</strong></span> <span class='ocrx_word' id='word_1_60' title='bbox 1099 548 1209 583; x_wconf 85' lang='lat' dir='ltr'><strong>potest</strong></span> <span class='ocrx_word' id='word_1_61' title='bbox 1234 538 1308 583; x_wconf 88' lang='lat' dir='ltr'><strong>quis</strong></span> <span class='ocrx_word' id='word_1_62' title='bbox 1331 542 1384 572; x_wconf 76' lang='lat' dir='ltr'><strong>re-</strong></span> 
     </span>
     <span class='ocr_line' id='line_1_9' title="bbox 247 600 1388 646; baseline -0.001 -12"><span class='ocrx_word' id='word_1_63' title='bbox 247 613 324 643; x_wconf 82' lang='lat' dir='ltr'><strong>gere</strong></span> <span class='ocrx_word' id='word_1_64' title='bbox 347 602 527 646; x_wconf 89' lang='lat' dir='ltr'><strong>populum,</strong></span> <span class='ocrx_word' id='word_1_65' title='bbox 551 600 613 633; x_wconf 87' lang='lat' dir='ltr'><strong>nisi</strong></span> <span class='ocrx_word' id='word_1_66' title='bbox 638 601 760 633; x_wconf 83' lang='lat' dir='ltr'><strong>habeat</strong></span> <span class='ocrx_word' id='word_1_67' title='bbox 783 601 918 643; x_wconf 84' lang='lat' dir='ltr'><strong>virgam.</strong></span> <span class='ocrx_word' id='word_1_68' title='bbox 972 601 1073 634; x_wconf 81' lang='lat' dir='ltr'><strong>Unde</strong></span> <span class='ocrx_word' id='word_1_69' title='bbox 1098 609 1128 633; x_wconf 88' lang='lat' dir='ltr'><strong>et</strong></span> <span class='ocrx_word' id='word_1_70' title='bbox 1153 601 1278 635; x_wconf 80' lang='lat' dir='ltr'><strong>Paulus</strong></span> <span class='ocrx_word' id='word_1_71' title='bbox 1303 612 1388 645; x_wconf 86' lang='lat' dir='ltr'><strong>apo-</strong></span> 
     </span>
     <span class='ocr_line' id='line_1_10' title="bbox 246 655 1387 708; baseline -0.002 -12"><span class='ocrx_word' id='word_1_72' title='bbox 246 664 362 702; x_wconf 80' lang='lat' dir='ltr'><strong>stolus,</strong></span> <span class='ocrx_word' id='word_1_73' title='bbox 389 662 465 708; x_wconf 80' lang='lat' dir='ltr'><strong>quia</strong></span> <span class='ocrx_word' id='word_1_74' title='bbox 486 663 646 707; x_wconf 85' lang='lat' dir='ltr'><strong>princeps</strong></span> <span class='ocrx_word' id='word_1_75' title='bbox 663 672 732 695; x_wconf 82' lang='lat' dir='ltr'><strong>erat</strong></span> <span class='ocrx_word' id='word_1_76' title='bbox 748 655 881 707; x_wconf 74' lang='lat' dir='ltr'><strong>populi,</strong></span> <span class='ocrx_word' id='word_1_77' title='bbox 906 662 1033 695; x_wconf 87' lang='lat' dir='ltr'><strong>idcirco</strong></span> <span class='ocrx_word' id='word_1_78' title='bbox 1057 662 1207 695; x_wconf 81' lang='lat' dir='ltr'><strong>dicebat:</strong></span> <span class='ocrx_word' id='word_1_79' title='bbox 1232 661 1337 706; x_wconf 88' lang='lat' dir='ltr'><strong>„quid</strong></span> <span class='ocrx_word' id='word_1_80' title='bbox 1349 661 1387 706; x_wconf 87' lang='lat'><strong>²)</strong></span> 
     </span>
     <span class='ocr_line' id='line_1_11' title="bbox 248 716 1388 768; baseline 0 -12"><span class='ocrx_word' id='word_1_81' title='bbox 248 725 372 759; x_wconf 72' lang='lat' dir='ltr'><strong>vultis?</strong></span> <span class='ocrx_word' id='word_1_82' title='bbox 396 726 436 757; x_wconf 87' lang='lat' dir='ltr'><strong>In</strong></span> <span class='ocrx_word' id='word_1_83' title='bbox 461 725 549 765; x_wconf 80' lang='lat' dir='ltr'><strong>virga</strong></span> <span class='ocrx_word' id='word_1_84' title='bbox 574 725 704 757; x_wconf 83' lang='lat' dir='ltr'><strong>veniam</strong></span> <span class='ocrx_word' id='word_1_85' title='bbox 731 724 773 756; x_wconf 86' lang='lat' dir='ltr'><strong>ad</strong></span> <span class='ocrx_word' id='word_1_86' title='bbox 797 738 865 764; x_wconf 80' lang='lat' dir='ltr'><strong>vos,</strong></span> <span class='ocrx_word' id='word_1_87' title='bbox 890 733 948 758; x_wconf 81' lang='lat' dir='ltr'><strong>aut</strong></span> <span class='ocrx_word' id='word_1_88' title='bbox 970 716 1012 757; x_wconf 31' lang='lat' dir='ltr'><strong>in·</strong></span> <span class='ocrx_word' id='word_1_89' title='bbox 1031 723 1178 764; x_wconf 82' lang='lat' dir='ltr'><strong>caritate,</strong></span> <span class='ocrx_word' id='word_1_90' title='bbox 1201 724 1388 768; x_wconf 83' lang='lat' dir='ltr'><strong>spirituque</strong></span> 
     </span>
     <span class='ocr_line' id='line_1_12' title="bbox 247 785 1390 831; baseline 0 -13"><span class='ocrx_word' id='word_1_91' title='bbox 247 786 514 821; x_wconf 79' lang='lat' dir='ltr'><strong>mansuetudinis</strong></span> <span class='ocrx_word' id='word_1_92' title='bbox 524 785 558 818; x_wconf 82' lang='lat'><strong>?·‘</strong></span> <span class='ocrx_word' id='word_1_93' title='bbox 607 785 728 818; x_wconf 88' lang='lat' dir='ltr'><strong>Omnis</strong></span> <span class='ocrx_word' id='word_1_94' title='bbox 773 786 851 828; x_wconf 78' lang='lat' dir='ltr'><strong>ergo</strong></span> <span class='ocrx_word' id='word_1_95' title='bbox 883 786 1042 831; x_wconf 77' lang='lat' dir='ltr'><strong>princeps</strong></span> <span class='ocrx_word' id='word_1_96' title='bbox 1082 786 1235 819; x_wconf 82' lang='lat' dir='ltr'><strong>tribuum</strong></span> <span class='ocrx_word' id='word_1_97' title='bbox 1266 786 1390 819; x_wconf 81' lang='lat' dir='ltr'><strong>habeat</strong></span> 
     </span>
     <span class='ocr_line' id='line_1_13' title="bbox 247 847 1388 890; baseline 0 -10"><span class='ocrx_word' id='word_1_98' title='bbox 247 861 381 882; x_wconf 85' lang='lat' dir='ltr'><strong>necesse</strong></span> <span class='ocrx_word' id='word_1_99' title='bbox 405 858 452 881; x_wconf 82' lang='lat' dir='ltr'><strong>est</strong></span> <span class='ocrx_word' id='word_1_100' title='bbox 475 847 601 890; x_wconf 79' lang='lat' dir='ltr'><strong>virgam</strong></span> <span class='ocrx_word' id='word_1_101' title='bbox 625 861 739 886; x_wconf 79' lang='lat' dir='ltr'><strong>suam,</strong></span> <span class='ocrx_word' id='word_1_102' title='bbox 771 848 831 881; x_wconf 84' lang='lat' dir='ltr'><strong>sed</strong></span> <span class='ocrx_word' id='word_1_103' title='bbox 858 861 944 881; x_wconf 85' lang='lat' dir='ltr'><strong>unus</strong></span> <span class='ocrx_word' id='word_1_104' title='bbox 969 849 1061 881; x_wconf 89' lang='lat' dir='ltr'><strong>solus</strong></span> <span class='ocrx_word' id='word_1_105' title='bbox 1086 858 1151 888; x_wconf 86' lang='lat' dir='ltr'><strong>est,</strong></span> <span class='ocrx_word' id='word_1_106' title='bbox 1186 848 1271 881; x_wconf 88' lang='lat' dir='ltr'><strong>sicut</strong></span> <span class='ocrx_word' id='word_1_107' title='bbox 1295 847 1388 880; x_wconf 88' lang='lat' dir='ltr'><strong>Scri-</strong></span> 
     </span>
     <span class='ocr_line' id='line_1_14' title="bbox 247 908 1390 955; baseline -0.001 -13"><span class='ocrx_word' id='word_1_108' title='bbox 247 919 347 954; x_wconf 77' lang='lat' dir='ltr'><strong>ptura</strong></span> <span class='ocrx_word' id='word_1_109' title='bbox 373 910 485 948; x_wconf 82' lang='lat' dir='ltr'><strong>refert,</strong></span> <span class='ocrx_word' id='word_1_110' title='bbox 510 909 664 954; x_wconf 83' lang='lat' dir='ltr'><strong>pontifex</strong></span> <span class='ocrx_word' id='word_1_111' title='bbox 689 911 817 948; x_wconf 81' lang='lat' dir='ltr'><strong>Aaron,</strong></span> <span class='ocrx_word' id='word_1_112' title='bbox 843 908 938 955; x_wconf 82' lang='lat' dir='ltr'><strong>cujus</strong></span> <span class='ocrx_word' id='word_1_113' title='bbox 961 909 1052 952; x_wconf 82' lang='lat' dir='ltr'><strong>virga</strong></span> <span class='ocrx_word' id='word_1_114' title='bbox 1075 909 1283 952; x_wconf 78' lang='lat' dir='ltr'><strong>germinavit.</strong></span> <span class='ocrx_word' id='word_1_115' title='bbox 1322 909 1390 941; x_wconf 84' lang='lat' dir='ltr'><strong>Ve-</strong></span> 
     </span>
     <span class='ocr_line' id='line_1_15' title="bbox 248 969 1392 1016; baseline 0.001 -14"><span class='ocrx_word' id='word_1_116' title='bbox 248 984 324 1004; x_wconf 87' lang='lat' dir='ltr'><strong>rum</strong></span> <span class='ocrx_word' id='word_1_117' title='bbox 351 971 532 1015; x_wconf 81' lang='lat' dir='ltr'><strong>quoniam,</strong></span> <span class='ocrx_word' id='word_1_118' title='bbox 559 979 597 1003; x_wconf 89' lang='lat' dir='ltr'><strong>ut</strong></span> <span class='ocrx_word' id='word_1_119' title='bbox 617 983 716 1015; x_wconf 86' lang='lat' dir='ltr'><strong>saepe</strong></span> <span class='ocrx_word' id='word_1_120' title='bbox 743 971 968 1011; x_wconf 79' lang='lat' dir='ltr'><strong>ostendimus,</strong></span> <span class='ocrx_word' id='word_1_121' title='bbox 993 984 1089 1004; x_wconf 87' lang='lat' dir='ltr'><strong>verus</strong></span> <span class='ocrx_word' id='word_1_122' title='bbox 1113 971 1266 1016; x_wconf 88' lang='lat' dir='ltr'><strong>pontifex</strong></span> <span class='ocrx_word' id='word_1_123' title='bbox 1290 969 1392 1003; x_wconf 84' lang='lat' dir='ltr'><strong>Chri-</strong></span> 
     </span>
     <span class='ocr_line' id='line_1_16' title="bbox 247 1030 1391 1078; baseline 0 -13"><span class='ocrx_word' id='word_1_124' title='bbox 247 1041 316 1066; x_wconf 88' lang='lat' dir='ltr'><strong>stus</strong></span> <span class='ocrx_word' id='word_1_125' title='bbox 340 1041 397 1072; x_wconf 85' lang='lat' dir='ltr'><strong>est,</strong></span> <span class='ocrx_word' id='word_1_126' title='bbox 419 1033 491 1076; x_wconf 88' lang='lat' dir='ltr'><strong>ipse</strong></span> <span class='ocrx_word' id='word_1_127' title='bbox 514 1032 605 1066; x_wconf 90' lang='lat' dir='ltr'><strong>solus</strong></span> <span class='ocrx_word' id='word_1_128' title='bbox 630 1041 687 1072; x_wconf 84' lang='lat' dir='ltr'><strong>est,</strong></span> <span class='ocrx_word' id='word_1_129' title='bbox 712 1030 806 1078; x_wconf 85' lang='lat' dir='ltr'><strong>cujus</strong></span> <span class='ocrx_word' id='word_1_130' title='bbox 832 1032 922 1074; x_wconf 80' lang='lat' dir='ltr'><strong>virga</strong></span> <span class='ocrx_word' id='word_1_131' title='bbox 949 1033 1057 1066; x_wconf 88' lang='lat' dir='ltr'><strong>crucis</strong></span> <span class='ocrx_word' id='word_1_132' title='bbox 1081 1046 1154 1066; x_wconf 91' lang='lat' dir='ltr'><strong>non</strong></span> <span class='ocrx_word' id='word_1_133' title='bbox 1178 1032 1292 1065; x_wconf 91' lang='lat' dir='ltr'><strong>solum</strong></span> <span class='ocrx_word' id='word_1_134' title='bbox 1317 1044 1391 1073; x_wconf 84' lang='lat' dir='ltr'><strong>ger·</strong></span> 
     </span>
     <span class='ocr_line' id='line_1_17' title="bbox 248 1093 1391 1139; baseline 0.001 -14"><span class='ocrx_word' id='word_1_135' title='bbox 248 1093 399 1133; x_wconf 85' lang='lat' dir='ltr'><strong>minavit,</strong></span> <span class='ocrx_word' id='word_1_136' title='bbox 421 1095 480 1127; x_wconf 85' lang='lat' dir='ltr'><strong>sed</strong></span> <span class='ocrx_word' id='word_1_137' title='bbox 507 1103 539 1126; x_wconf 88' lang='lat' dir='ltr'><strong>et</strong></span> <span class='ocrx_word' id='word_1_138' title='bbox 562 1094 689 1134; x_wconf 86' lang='lat' dir='ltr'><strong>floruit,</strong></span> <span class='ocrx_word' id='word_1_139' title='bbox 720 1103 751 1126; x_wconf 89' lang='lat' dir='ltr'><strong>et</strong></span> <span class='ocrx_word' id='word_1_140' title='bbox 776 1107 894 1127; x_wconf 87' lang='lat' dir='ltr'><strong>omnes</strong></span> <span class='ocrx_word' id='word_1_141' title='bbox 920 1094 982 1127; x_wconf 89' lang='lat' dir='ltr'><strong>hos</strong></span> <span class='ocrx_word' id='word_1_142' title='bbox 1006 1093 1218 1128; x_wconf 79' lang='lat' dir='ltr'><strong>credentium</strong></span> <span class='ocrx_word' id='word_1_143' title='bbox 1240 1093 1391 1139; x_wconf 90' lang='lat' dir='ltr'><strong>populo-</strong></span> 
     </span>
     <span class='ocr_line' id='line_1_18' title="bbox 248 1150 1390 1200; baseline 0 -12"><span class='ocrx_word' id='word_1_144' title='bbox 248 1168 324 1188; x_wconf 86' lang='lat' dir='ltr'><strong>rum</strong></span> <span class='ocrx_word' id='word_1_145' title='bbox 349 1155 459 1187; x_wconf 87' lang='lat' dir='ltr'><strong>attulit</strong></span> <span class='ocrx_word' id='word_1_146' title='bbox 480 1155 617 1187; x_wconf 77' lang='lat' dir='ltr'><strong>fructus.</strong></span> <span class='ocrx_word' id='word_1_147' title='bbox 674 1154 760 1197; x_wconf 86' lang='lat' dir='ltr'><strong>Quis</strong></span> <span class='ocrx_word' id='word_1_148' title='bbox 790 1164 903 1187; x_wconf 86' lang='lat' dir='ltr'><strong>autem</strong></span> <span class='ocrx_word' id='word_1_149' title='bbox 932 1153 994 1187; x_wconf 84' lang='lat' dir='ltr'><strong>iste</strong></span> <span class='ocrx_word' id='word_1_150' title='bbox 1025 1164 1073 1189; x_wconf 86' lang='lat' dir='ltr'><strong>est</strong></span> <span class='ocrx_word' id='word_1_151' title='bbox 1106 1150 1390 1200; x_wconf 26' lang='lat' dir='ltr'><strong>fructus‚&#39;quem</strong></span> 
     </span>
     <span class='ocr_line' id='line_1_19' title="bbox 249 1206 1393 1261; baseline 0.002 -13"><span class='ocrx_word' id='word_1_152' title='bbox 249 1215 388 1249; x_wconf 84' lang='lat' dir='ltr'><strong>attulit?</strong></span> <span class='ocrx_word' id='word_1_153' title='bbox 435 1216 563 1256; x_wconf 80' lang='lat' dir='ltr'><strong>Nuces,</strong></span> <span class='ocrx_word' id='word_1_154' title='bbox 598 1216 725 1260; x_wconf 85' lang='lat' dir='ltr'><strong>inquit,</strong></span> <span class='ocrx_word' id='word_1_155' title='bbox 753 1216 811 1260; x_wconf 87' lang='lat' dir='ltr'><strong>qui</strong></span> <span class='ocrx_word' id='word_1_156' title='bbox 834 1217 963 1249; x_wconf 85' lang='lat' dir='ltr'><strong>fructus</strong></span> <span class='ocrx_word' id='word_1_157' title='bbox 986 1217 1100 1261; x_wconf 87' lang='lat' dir='ltr'><strong>primo</strong></span> <span class='ocrx_word' id='word_1_158' title='bbox 1126 1206 1266 1261; x_wconf 68' lang='lat' dir='ltr'><strong>qnidem</strong></span> <span class='ocrx_word' id='word_1_159' title='bbox 1288 1217 1393 1250; x_wconf 87' lang='lat' dir='ltr'><strong>indu·</strong></span> 
     </span>
     <span class='ocr_line' id='line_1_20' title="bbox 248 1275 1392 1323; baseline 0.001 -13"><span class='ocrx_word' id='word_1_160' title='bbox 248 1275 365 1311; x_wconf 85' lang='lat' dir='ltr'><strong>mento</strong></span> <span class='ocrx_word' id='word_1_161' title='bbox 391 1290 524 1311; x_wconf 87' lang='lat' dir='ltr'><strong>amarus</strong></span> <span class='ocrx_word' id='word_1_162' title='bbox 549 1287 610 1311; x_wconf 83' lang='lat' dir='ltr'><strong>est:</strong></span> <span class='ocrx_word' id='word_1_163' title='bbox 635 1278 790 1323; x_wconf 86' lang='lat' dir='ltr'><strong>sequenti</strong></span> <span class='ocrx_word' id='word_1_164' title='bbox 806 1278 970 1318; x_wconf 85' lang='lat' dir='ltr'><strong>munitur,</strong></span> <span class='ocrx_word' id='word_1_165' title='bbox 995 1287 1028 1311; x_wconf 85' lang='lat' dir='ltr'><strong>et</strong></span> <span class='ocrx_word' id='word_1_166' title='bbox 1050 1277 1188 1320; x_wconf 86' lang='lat' dir='ltr'><strong>tegitur:</strong></span> <span class='ocrx_word' id='word_1_167' title='bbox 1212 1277 1311 1312; x_wconf 87' lang='lat' dir='ltr'><strong>tertio</strong></span> <span class='ocrx_word' id='word_1_168' title='bbox 1335 1292 1392 1311; x_wconf 88' lang='lat' dir='ltr'><strong>su·</strong></span> 
     </span>
     <span class='ocr_line' id='line_1_21' title="bbox 248 1338 1391 1384; baseline 0 -12"><span class='ocrx_word' id='word_1_169' title='bbox 248 1349 398 1373; x_wconf 84' lang='lat' dir='ltr'><strong>mentem</strong></span> <span class='ocrx_word' id='word_1_170' title='bbox 420 1339 544 1384; x_wconf 85' lang='lat' dir='ltr'><strong>pascit,</strong></span> <span class='ocrx_word' id='word_1_171' title='bbox 577 1353 616 1372; x_wconf 79' lang='lat' dir='ltr'><strong>ac</strong></span> <span class='ocrx_word' id='word_1_172' title='bbox 639 1341 754 1376; x_wconf 76' lang='lat' dir='ltr'><strong>nutrit.</strong></span> <span class='ocrx_word' id='word_1_173' title='bbox 811 1339 902 1372; x_wconf 87' lang='lat' dir='ltr'><strong>Talis</strong></span> <span class='ocrx_word' id='word_1_174' title='bbox 935 1352 1014 1381; x_wconf 86' lang='lat' dir='ltr'><strong>ergo</strong></span> <span class='ocrx_word' id='word_1_175' title='bbox 1041 1348 1088 1373; x_wconf 87' lang='lat' dir='ltr'><strong>est</strong></span> <span class='ocrx_word' id='word_1_176' title='bbox 1110 1339 1145 1372; x_wconf 88' lang='lat' dir='ltr'><strong>in</strong></span> <span class='ocrx_word' id='word_1_177' title='bbox 1169 1338 1341 1373; x_wconf 87' lang='lat' dir='ltr'><strong>auditorio</strong></span> <span class='ocrx_word' id='word_1_178' title='bbox 1354 1339 1391 1384; x_wconf 82' lang='lat'><strong>³)</strong></span> 
     </span>
     <span class='ocr_line' id='line_1_22' title="bbox 251 1399 1391 1445; baseline 0 -11"><span class='ocrx_word' id='word_1_179' title='bbox 251 1400 375 1434; x_wconf 85' lang='lat' dir='ltr'><strong>Christi</strong></span> <span class='ocrx_word' id='word_1_180' title='bbox 400 1399 554 1433; x_wconf 85' lang='lat' dir='ltr'><strong>doctrina</strong></span> <span class='ocrx_word' id='word_1_181' title='bbox 577 1400 657 1442; x_wconf 83' lang='lat' dir='ltr'><strong>legis</strong></span> <span class='ocrx_word' id='word_1_182' title='bbox 682 1410 715 1433; x_wconf 92' lang='lat' dir='ltr'><strong>et</strong></span> <span class='ocrx_word' id='word_1_183' title='bbox 738 1401 996 1445; x_wconf 83' lang='lat' dir='ltr'><strong>prophetarum.</strong></span> <span class='ocrx_word' id='word_1_184' title='bbox 1051 1400 1165 1434; x_wconf 87' lang='lat' dir='ltr'><strong>Prima</strong></span> <span class='ocrx_word' id='word_1_185' title='bbox 1197 1400 1317 1434; x_wconf 86' lang='lat' dir='ltr'><strong>literae</strong></span> <span class='ocrx_word' id='word_1_186' title='bbox 1340 1401 1391 1434; x_wconf 82' lang='lat' dir='ltr'><strong>fa-</strong></span> 
     </span>
     <span class='ocr_line' id='line_1_23' title="bbox 251 1460 1392 1507; baseline 0 -12"><span class='ocrx_word' id='word_1_187' title='bbox 251 1463 317 1495; x_wconf 87' lang='lat' dir='ltr'><strong>cies</strong></span> <span class='ocrx_word' id='word_1_188' title='bbox 341 1460 418 1495; x_wconf 81' lang='lat' dir='ltr'><strong>satis</strong></span> <span class='ocrx_word' id='word_1_189' title='bbox 443 1474 556 1494; x_wconf 84' lang='lat' dir='ltr'><strong>amara</strong></span> <span class='ocrx_word' id='word_1_190' title='bbox 579 1471 637 1501; x_wconf 88' lang='lat' dir='ltr'><strong>est,</strong></span> <span class='ocrx_word' id='word_1_191' title='bbox 662 1475 749 1507; x_wconf 82' lang='lat' dir='ltr'><strong>quae</strong></span> <span class='ocrx_word' id='word_1_192' title='bbox 773 1461 1065 1495; x_wconf 85' lang='lat' dir='ltr'><strong>circumcisionem</strong></span> <span class='ocrx_word' id='word_1_193' title='bbox 1091 1461 1203 1495; x_wconf 85' lang='lat' dir='ltr'><strong>carnis</strong></span> <span class='ocrx_word' id='word_1_194' title='bbox 1217 1462 1392 1506; x_wconf 80' lang='lat' dir='ltr'><strong>praecipit,</strong></span> 
     </span>
     <span class='ocr_line' id='line_1_24' title="bbox 251 1522 1393 1569; baseline 0.001 -13"><span class='ocrx_word' id='word_1_195' title='bbox 251 1536 337 1569; x_wconf 83' lang='lat' dir='ltr'><strong>quae</strong></span> <span class='ocrx_word' id='word_1_196' title='bbox 361 1524 404 1556; x_wconf 79' lang='lat' dir='ltr'><strong>de</strong></span> <span class='ocrx_word' id='word_1_197' title='bbox 426 1522 595 1556; x_wconf 82' lang='lat' dir='ltr'><strong>sacrificiis</strong></span> <span class='ocrx_word' id='word_1_198' title='bbox 617 1525 766 1563; x_wconf 81' lang='lat' dir='ltr'><strong>mandat,</strong></span> <span class='ocrx_word' id='word_1_199' title='bbox 793 1533 825 1556; x_wconf 87' lang='lat' dir='ltr'><strong>et</strong></span> <span class='ocrx_word' id='word_1_200' title='bbox 842 1532 961 1563; x_wconf 84' lang='lat' dir='ltr'><strong>cetera,</strong></span> <span class='ocrx_word' id='word_1_201' title='bbox 987 1536 1074 1568; x_wconf 88' lang='lat' dir='ltr'><strong>quae</strong></span> <span class='ocrx_word' id='word_1_202' title='bbox 1095 1536 1157 1568; x_wconf 88' lang='lat' dir='ltr'><strong>per</strong></span> <span class='ocrx_word' id='word_1_203' title='bbox 1181 1524 1393 1557; x_wconf 81' lang='lat' dir='ltr'><strong>occidentem</strong></span> 
     </span>
     <span class='ocr_line' id='line_1_25' title="bbox 249 1584 1394 1630; baseline 0 -12"><span class='ocrx_word' id='word_1_204' title='bbox 249 1586 383 1619; x_wconf 81' lang='lat' dir='ltr'><strong>literam</strong></span> <span class='ocrx_word' id='word_1_205' title='bbox 415 1584 644 1625; x_wconf 83' lang='lat' dir='ltr'><strong>designantur.</strong></span> <span class='ocrx_word' id='word_1_206' title='bbox 656 1584 693 1629; x_wconf 72' lang='lat'><strong>4)</strong></span> <span class='ocrx_word' id='word_1_207' title='bbox 754 1584 847 1618; x_wconf 82' lang='lat' dir='ltr'><strong>Haec</strong></span> <span class='ocrx_word' id='word_1_208' title='bbox 891 1585 1008 1618; x_wconf 84' lang='lat' dir='ltr'><strong>omnia</strong></span> <span class='ocrx_word' id='word_1_209' title='bbox 1047 1594 1210 1630; x_wconf 76' lang='lat' dir='ltr'><strong>tanquam</strong></span> <span class='ocrx_word' id='word_1_210' title='bbox 1239 1598 1394 1618; x_wconf 88' lang='lat' dir='ltr'><strong>amarum</strong></span> 
     </span>
     <span class='ocr_line' id='line_1_26' title="bbox 250 1646 1396 1692; baseline -0.001 -12"><span class='ocrx_word' id='word_1_211' title='bbox 250 1647 347 1680; x_wconf 89' lang='lat' dir='ltr'><strong>nucis</strong></span> <span class='ocrx_word' id='word_1_212' title='bbox 371 1646 530 1680; x_wconf 87' lang='lat' dir='ltr'><strong>corticem</strong></span> <span class='ocrx_word' id='word_1_213' title='bbox 555 1646 698 1692; x_wconf 88' lang='lat' dir='ltr'><strong>projice.</strong></span> <span class='ocrx_word' id='word_1_214' title='bbox 753 1646 915 1680; x_wconf 83' lang='lat' dir='ltr'><strong>Secundo</strong></span> <span class='ocrx_word' id='word_1_215' title='bbox 946 1646 982 1679; x_wconf 90' lang='lat' dir='ltr'><strong>in</strong></span> <span class='ocrx_word' id='word_1_216' title='bbox 1005 1647 1084 1680; x_wconf 79' lang='lat' dir='ltr'><strong>loco</strong></span> <span class='ocrx_word' id='word_1_217' title='bbox 1110 1647 1154 1680; x_wconf 83' lang='lat' dir='ltr'><strong>ad</strong></span> <span class='ocrx_word' id='word_1_218' title='bbox 1181 1646 1396 1680; x_wconf 82' lang='lat' dir='ltr'><strong>munimenta</strong></span> 
     </span>
    </p>
   </div>
   <div class='ocr_carea' id='block_1_3' title="bbox 251 1707 1421 1753">
    <p class='ocr_par' dir='ltr' id='par_1_3' title="bbox 251 1707 1421 1753">
     <span class='ocr_line' id='line_1_27' title="bbox 251 1707 1421 1753; baseline 0.002 -13"><span class='ocrx_word' id='word_1_219' title='bbox 251 1717 353 1742; x_wconf 87' lang='lat' dir='ltr'><strong>testae</strong></span> <span class='ocrx_word' id='word_1_220' title='bbox 375 1707 565 1753; x_wconf 86' lang='lat' dir='ltr'><strong>pervenies,</strong></span> <span class='ocrx_word' id='word_1_221' title='bbox 603 1709 638 1740; x_wconf 89' lang='lat' dir='ltr'><strong>in</strong></span> <span class='ocrx_word' id='word_1_222' title='bbox 663 1721 731 1753; x_wconf 91' lang='lat' dir='ltr'><strong>quo</strong></span> <span class='ocrx_word' id='word_1_223' title='bbox 769 1709 821 1741; x_wconf 89' lang='lat' dir='ltr'><strong>vel</strong></span> <span class='ocrx_word' id='word_1_224' title='bbox 844 1707 984 1742; x_wconf 82' lang='lat' dir='ltr'><strong>moralis</strong></span> <span class='ocrx_word' id='word_1_225' title='bbox 1009 1707 1182 1748; x_wconf 85' lang='lat' dir='ltr'><strong>doctrina,</strong></span> <span class='ocrx_word' id='word_1_226' title='bbox 1222 1709 1273 1741; x_wconf 83' lang='lat' dir='ltr'><strong>vel</strong></span> <span class='ocrx_word' id='word_1_227' title='bbox 1304 1708 1394 1742; x_wconf 83' lang='lat' dir='ltr'><strong>ratio</strong></span> <span class='ocrx_word' id='word_1_228' title='bbox 1418 1723 1421 1731; x_wconf 73' lang='lat'><strong>⁴</strong></span> 
     </span>
    </p>
   </div>
   <div class='ocr_carea' id='block_1_4' title="bbox 250 1854 1423 1996">
    <p class='ocr_par' dir='ltr' id='par_1_4' title="bbox 250 1854 1423 1996">
     <span class='ocr_line' id='line_1_28' title="bbox 250 1854 1423 1911; baseline 0.002 -15"><span class='ocrx_word' id='word_1_229' title='bbox 250 1862 488 1901; x_wconf 85' lang='lat' dir='ltr'><strong>Ebroicensis,</strong></span> <span class='ocrx_word' id='word_1_230' title='bbox 527 1871 563 1894; x_wconf 93' lang='lat' dir='ltr'><strong>ut</strong></span> <span class='ocrx_word' id='word_1_231' title='bbox 593 1862 630 1895; x_wconf 87' lang='lat' dir='ltr'><strong>in</strong></span> <span class='ocrx_word' id='word_1_232' title='bbox 664 1875 783 1905; x_wconf 88' lang='lat' dir='ltr'><strong>graeco</strong></span> <span class='ocrx_word' id='word_1_233' title='bbox 820 1873 927 1897; x_wconf 82' lang='lat' dir='ltr'><strong>textu:</strong></span> <span class='ocrx_word' id='word_1_234' title='bbox 967 1865 1041 1900; x_wconf 81' lang='grc' dir='ltr'>ἔστι</span> <span class='ocrx_word' id='word_1_235' title='bbox 1064 1862 1137 1910; x_wconf 65' lang='grc' dir='ltr'><strong>γὰρ</strong></span> <span class='ocrx_word' id='word_1_236' title='bbox 1159 1861 1294 1911; x_wconf 79' lang='grc' dir='ltr'><em>ῥάβδος</em></span> <span class='ocrx_word' id='word_1_237' title='bbox 1313 1869 1395 1911; x_wconf 83' lang='grc' dir='ltr'><strong><em>μία.</em></strong></span> <span class='ocrx_word' id='word_1_238' title='bbox 1420 1854 1423 1858; x_wconf 34' lang='lat'><em>¹</em></span> 
     </span>
     <span class='ocr_line' id='line_1_29' title="bbox 250 1907 1396 1955; baseline 0.003 -15"><span class='ocrx_word' id='word_1_239' title='bbox 250 1908 344 1941; x_wconf 86' lang='lat' dir='ltr'><strong>Male</strong></span> <span class='ocrx_word' id='word_1_240' title='bbox 369 1908 405 1941; x_wconf 89' lang='lat' dir='ltr'><strong>in</strong></span> <span class='ocrx_word' id='word_1_241' title='bbox 429 1916 524 1940; x_wconf 87' lang='lat' dir='ltr'><strong>antea</strong></span> <span class='ocrx_word' id='word_1_242' title='bbox 552 1907 647 1940; x_wconf 87' lang='lat' dir='ltr'><strong>editis</strong></span> <span class='ocrx_word' id='word_1_243' title='bbox 670 1909 717 1953; x_wconf 82' lang='lat' dir='ltr'><strong>(e.</strong></span> <span class='ocrx_word' id='word_1_244' title='bbox 746 1921 772 1941; x_wconf 94' lang='lat' dir='ltr'><strong>c.</strong></span> <span class='ocrx_word' id='word_1_245' title='bbox 798 1910 874 1942; x_wconf 84' lang='lat' dir='ltr'><strong>edd.</strong></span> <span class='ocrx_word' id='word_1_246' title='bbox 899 1909 969 1955; x_wconf 88' lang='grc' dir='ltr'><strong>Μ.)</strong></span> <span class='ocrx_word' id='word_1_247' title='bbox 992 1910 1131 1952; x_wconf 85' lang='lat' dir='ltr'><strong>legitur:</strong></span> <span class='ocrx_word' id='word_1_248' title='bbox 1156 1910 1306 1954; x_wconf 87' lang='lat' dir='ltr'><strong>„etenim</strong></span> <span class='ocrx_word' id='word_1_249' title='bbox 1331 1910 1396 1944; x_wconf 82' lang='lat' dir='ltr'><strong>vir-</strong></span> 
     </span>
     <span class='ocr_line' id='line_1_30' title="bbox 252 1952 555 1996; baseline -0.007 -9"><span class='ocrx_word' id='word_1_250' title='bbox 252 1966 328 1996; x_wconf 81' lang='lat' dir='ltr'><strong>gam</strong></span> <span class='ocrx_word' id='word_1_251' title='bbox 352 1956 491 1986; x_wconf 86' lang='lat' dir='ltr'><strong>unam.“</strong></span> <span class='ocrx_word' id='word_1_252' title='bbox 516 1952 555 1985; x_wconf 82' lang='lat' dir='ltr'><strong>R.</strong></span> 
     </span>
    </p>
   </div>
   <div class='ocr_carea' id='block_1_5' title="bbox 343 2008 1014 2109">
    <p class='ocr_par' dir='ltr' id='par_1_5' title="bbox 343 2008 1014 2109">
     <span class='ocr_line' id='line_1_31' title="bbox 346 2008 1014 2053; baseline 0.004 -12"><span class='ocrx_word' id='word_1_253' title='bbox 346 2008 381 2053; x_wconf 88' lang='lat'><strong>¹)</strong></span> <span class='ocrx_word' id='word_1_254' title='bbox 405 2009 469 2042; x_wconf 88' lang='lat' dir='ltr'><strong>Ed.</strong></span> <span class='ocrx_word' id='word_1_255' title='bbox 495 2008 718 2050; x_wconf 50' lang='lat' dir='ltr'><strong>Ruaeifiola:</strong></span> <span class='ocrx_word' id='word_1_256' title='bbox 742 2010 1014 2044; x_wconf 83' lang='lat' dir='ltr'><strong>tabernaculum.</strong></span> 
     </span>
     <span class='ocr_line' id='line_1_32' title="bbox 343 2064 688 2109; baseline 0 -12"><span class='ocrx_word' id='word_1_257' title='bbox 343 2064 381 2109; x_wconf 86' lang='lat'><strong>²)</strong></span> <span class='ocrx_word' id='word_1_258' title='bbox 405 2065 421 2097; x_wconf 94' lang='lat' dir='ltr'>I</span> <span class='ocrx_word' id='word_1_259' title='bbox 447 2064 526 2099; x_wconf 89' lang='lat' dir='ltr'><strong>Cor.</strong></span> <span class='ocrx_word' id='word_1_260' title='bbox 551 2065 610 2105; x_wconf 86' lang='lat' dir='ltr'><strong>IV,</strong></span> <span class='ocrx_word' id='word_1_261' title='bbox 634 2066 688 2099; x_wconf 83' lang='lat'><strong>21.</strong></span> 
     </span>
    </p>
   </div>
   <div class='ocr_carea' id='block_1_6' title="bbox 255 2108 1426 2209">
    <p class='ocr_par' dir='ltr' id='par_1_6' title="bbox 255 2108 1426 2209">
     <span class='ocr_line' id='line_1_33' title="bbox 347 2108 1395 2166; baseline 0.003 -13"><span class='ocrx_word' id='word_1_262' title='bbox 347 2120 384 2164; x_wconf 82' lang='lat'><strong>³)</strong></span> <span class='ocrx_word' id='word_1_263' title='bbox 409 2119 540 2153; x_wconf 73' lang='lat' dir='ltr'><strong>omnes</strong></span> <span class='ocrx_word' id='word_1_264' title='bbox 563 2120 645 2153; x_wconf 73' lang='lat' dir='ltr'><strong>Mss.</strong></span> <span class='ocrx_word' id='word_1_265' title='bbox 670 2108 900 2162; x_wconf 59' lang='lat' dir='ltr'><strong>„auditorffif‘</strong></span> <span class='ocrx_word' id='word_1_266' title='bbox 955 2120 1049 2155; x_wconf 71' lang='lat' dir='ltr'><strong>Libri</strong></span> <span class='ocrx_word' id='word_1_267' title='bbox 1081 2120 1162 2155; x_wconf 76' lang='lat' dir='ltr'><strong>editi</strong></span> <span class='ocrx_word' id='word_1_268' title='bbox 1191 2121 1240 2166; x_wconf 79' lang='lat' dir='ltr'><strong>(v.</strong></span> <span class='ocrx_word' id='word_1_269' title='bbox 1263 2134 1291 2155; x_wconf 75' lang='lat' dir='ltr'><strong>e.</strong></span> <span class='ocrx_word' id='word_1_270' title='bbox 1320 2122 1395 2156; x_wconf 74' lang='lat' dir='ltr'><strong>edd.</strong></span> 
     </span>
     <span class='ocr_line' id='line_1_34' title="bbox 255 2164 1426 2209; baseline 0.001 -12"><span class='ocrx_word' id='word_1_271' title='bbox 255 2165 342 2208; x_wconf 82' lang='lat' dir='ltr'>M.):</span> <span class='ocrx_word' id='word_1_272' title='bbox 369 2164 597 2209; x_wconf 83' lang='lat' dir='ltr'><strong>‚,adjutorio.“</strong></span> <span class='ocrx_word' id='word_1_273' title='bbox 620 2165 660 2198; x_wconf 84' lang='lat' dir='ltr'><strong>R.</strong></span> <span class='ocrx_word' id='word_1_274' title='bbox 1407 2166 1426 2172; x_wconf 76' lang='grc'>”</span> 
     </span>
    </p>
   </div>
   <div class='ocr_carea' id='block_1_7' title="bbox 343 2220 1395 2268">
    <p class='ocr_par' dir='ltr' id='par_1_7' title="bbox 343 2220 1395 2268">
     <span class='ocr_line' id='line_1_35' title="bbox 343 2220 1395 2268; baseline 0.004 -16"><span class='ocrx_word' id='word_1_275' title='bbox 343 2220 380 2263; x_wconf 77' lang='lat'><strong>⁴)</strong></span> <span class='ocrx_word' id='word_1_276' title='bbox 403 2220 485 2253; x_wconf 86' lang='lat' dir='ltr'><strong>Mss.</strong></span> <span class='ocrx_word' id='word_1_277' title='bbox 509 2221 783 2263; x_wconf 75' lang='lat' dir='ltr'><strong>„designantur-‘⁴</strong></span> <span class='ocrx_word' id='word_1_278' title='bbox 839 2222 934 2257; x_wconf 87' lang='lat' dir='ltr'><strong>Libri</strong></span> <span class='ocrx_word' id='word_1_279' title='bbox 966 2223 1047 2258; x_wconf 81' lang='lat' dir='ltr'><strong>editi</strong></span> <span class='ocrx_word' id='word_1_280' title='bbox 1078 2223 1127 2267; x_wconf 85' lang='lat' dir='ltr'><strong>(v.</strong></span> <span class='ocrx_word' id='word_1_281' title='bbox 1151 2236 1182 2258; x_wconf 83' lang='lat' dir='ltr'><strong>c.</strong></span> <span class='ocrx_word' id='word_1_282' title='bbox 1207 2222 1284 2260; x_wconf 82' lang='lat' dir='ltr'><strong>edd.</strong></span> <span class='ocrx_word' id='word_1_283' title='bbox 1306 2222 1395 2268; x_wconf 89' lang='lat' dir='ltr'>M.):</span> 
     </span>
    </p>
   </div>
   <div class='ocr_carea' id='block_1_8' title="bbox 253 2265 649 2305">
    <p class='ocr_par' dir='ltr' id='par_1_8' title="bbox 253 2265 649 2305">
     <span class='ocr_line' id='line_1_36' title="bbox 253 2265 649 2305; baseline 0 -7"><span class='ocrx_word' id='word_1_284' title='bbox 253 2266 585 2305; x_wconf 79' lang='lat' dir='ltr'><strong>‚,demonstrantur.“</strong></span> <span class='ocrx_word' id='word_1_285' title='bbox 609 2265 649 2299; x_wconf 86' lang='lat' dir='ltr'><strong>R.</strong></span> 
     </span>
    </p>
   </div>
  </div>
 </body>
</html>
