1427 2460
370 47 406 69 m
432 37 610 70 Nummos
634 34 794 68 HommA
826 34 916 68 XVl.
1141 36 1207 72 183

600 105 606 116 l

75 127 239 161 efficiatur
261 126 363 160 testis:
392 126 418 159 si
443 125 579 170 quidem
597 132 822 165 convertetur,
849 124 934 157 testis
953 123 1049 166 fidei;
1074 124 1100 157 si
1119 138 1199 158 vero

73 198 250 234 permanet
272 188 425 227 infidelis,
449 196 485 220 ut
507 186 549 219 sit
571 185 662 219 testis
687 185 983 219 condemnationis
1006 198 1096 219 suae.

162 251 192 284 3.
218 249 286 282 Sed
299 247 381 293 quid
397 257 453 287 est,
472 248 566 292 quod
582 247 611 280 ei
630 247 818 287 adnuntiat,
842 247 1030 281 videamus:
1053 260 1148 288 „non
1165 247 1199 290 ¹)

73 311 159 346 sicut
181 311 297 349 homo,
320 309 439 353 inquit,
462 309 556 341 Deus
573 310 761 348 frustratur,
784 322 896 353 neque
918 308 1003 343 sicut
1025 309 1113 342 filius
1136 309 1200 341 ho-

73 372 172 406 minis
196 379 340 404 terretur
361 370 466 414 ipse.“
518 371 615 410 Non,
640 370 764 415 inquit,
788 371 911 404 habeas
934 371 1036 403 talem
1063 369 1199 415 opinio-

71 445 151 466 nem
175 433 218 465 de
240 432 336 472 Deo,
365 441 403 464 ut
425 440 522 476 putes
547 445 623 464 eum
650 445 719 465 esse
741 431 828 465 sicut
850 431 1045 471 hominem,
1080 430 1139 476 qui
1161 431 1197 464 in

69 494 118 534 iis,
143 506 230 538 quae
253 493 416 538 loquitur,
440 493 596 526 frustrari
618 494 732 538 possit.
780 493 946 526 Homines
970 492 1059 525 enim
1081 491 1198 536 multis

72 556 308 589 occasionibus
333 564 364 587 et
387 554 470 588 vitiis
493 554 737 599 impediuntur,
760 567 804 587 ne
821 567 936 587 verum
949 555 1000 593 sit,
1026 553 1120 598 quod
1143 554 1197 586 lo-

71 625 230 660 quuntur.
278 617 348 649 Aut
370 617 446 650 irati
472 616 560 649 enim
577 617 776 660 loquuntur,
801 624 833 648 et
846 616 895 649 ira
913 625 1060 649 cessante
1074 616 1198 648 fmstra

71 677 176 709 locuti
199 685 295 709 sunt:
321 687 379 710 aut
400 686 519 717 metus,
543 687 600 710 aut
625 677 824 722 cupiditatis,
849 686 906 710 aut
927 676 1107 723 jactantiae
1123 689 1197 720 gra-

71 738 133 778 tia,
168 737 306 782 aliisque
330 739 453 772 horum
478 738 660 778 similibus,
697 748 728 772 et
757 740 875 784 utique
898 741 1020 772 frustra
1051 738 1130 778 erit,
1164 747 1196 771 et

69 801 193 832 vanum
218 812 321 832 omne
346 800 507 844 quicquid
532 799 611 833 vitio
637 799 836 833 dominante
854 799 960 838 locuti
975 809 1062 833 sunt.
1100 800 1197 833 Deus

71 870 192 902 autem,
216 860 251 894 in
277 875 346 906 quo
370 862 463 894 nulla
479 871 525 895 est
536 860 659 905 passio,
680 862 774 894 nulla
792 861 960 905 fragilitas,
985 874 1088 895 omne
1100 862 1195 906 quod

69 922 203 963 dixerit,
242 936 306 967 pro
338 936 514 956 causarum
545 922 673 956 meritis
703 922 802 956 dicit:
837 933 869 956 et
898 923 978 956 ideo
1018 936 1195 969 nunquam

68 983 220 1018 frustrari
244 993 363 1029 potest,
389 983 477 1029 quia,
503 985 597 1029 quod
623 985 754 1018 ratione
777 986 961 1030 profertur,
984 998 1099 1018 carere
1123 998 1195 1017 non

68 1055 181 1090 potest
204 1046 344 1079 ratione.
391 1046 533 1091 ‚,N0n²)
559 1046 655 1089 est3)
680 1059 759 1087 ergo
773 1047 867 1080 Deus
891 1046 976 1080 sicut
995 1047 1113 1086 homo,
1137 1046 1195 1090 qui

68 1107 191 1140 frustra
217 1107 391 1151 loquatur:
416 1120 528 1152 neque
540 1107 625 1140 sicut
647 1107 734 1141 filius
750 1108 898 1141 hominis
921 1111 1104 1141 terretur:⁴‘
1127 1108 1191 1146 vel,

69 1176 106 1200 ut
128 1167 163 1200 in
189 1167 259 1201 aliis
283 1168 530 1212 exemplaribus
554 1168 711 1210 legimus:
741 1182 876 1214 „neque
911 1170 995 1203 sicut
1018 1169 1106 1202 filius
1128 1169 1191 1201 ho-

67 1228 168 1261 minis
190 1234 323 1262 terret.⁴‘
374 1231 409 1262 ln
435 1229 629 1263 hominibus
662 1231 833 1263 interdum
865 1231 1062 1264 sententiam
1086 1239 1194 1263 mutat

66 1299 188 1330 terror,
213 1291 306 1324 Deus
330 1300 462 1330 autem,
501 1291 560 1336 qui
573 1290 608 1334 ⁴)
632 1304 735 1336 super
760 1291 875 1324 omnia
900 1301 964 1332 est,
987 1304 1006 1327 a
1032 1305 1101 1336 quo
1125 1301 1193 1324 ter-

68 1351 133 1385 reri
156 1361 277 1396 potest,
300 1361 338 1384 ut
358 1351 558 1385 sententiam
581 1352 710 1385 mutet?
757 1353 795 1386 Si
817 1365 898 1386 vero
922 1355 1108 1387 secundum
1126 1353 1193 1386 hoc

67 1413 292 1458 accipiamus,
328 1415 422 1458 quod
454 1414 490 1446 in
521 1414 592 1447 aliis
617 1415 865 1458 exemplaribus
889 1414 1032 1449 diximus
1054 1416 1192 1454 lectum,

66 1475 132 1508 hoc
156 1485 219 1508 est:
257 1488 397 1521 „neque
420 1475 505 1509 sicut
528 1476 616 1509 filius
640 1475 787 1509 hominis
810 1480 960 1509 terret:“
989 1477 1076 1509 illud
1100 1478 1191 1510 vide-

67 1539 160 1571 bitur
183 1537 266 1577 dici,
291 1539 385 1582 quod
409 1537 564 1571 homines
588 1537 726 1582 quidem
750 1538 921 1571 interdum
944 1551 1009 1582 pro
1033 1537 1190 1584 jactantia

67 1609 212 1632 terrores
234 1599 362 1632 faciunt
387 1608 418 1631 et
441 1599 567 1639 minas,
591 1599 690 1632 etiam
714 1598 753 1632 iis
777 1613 1044 1643 nonnunquam,
1068 1598 1191 1644 quibus

66 1674 191 1694 nocere
215 1674 288 1694 non
311 1670 466 1705 possunt:
491 1661 585 1693 Deus
610 1670 722 1693 autem
747 1674 820 1694 non
842 1669 945 1693 tea-ret
959 1660 1005 1693 ita
1026 1661 1192 1700 homines,

67 1722 163 1767 quasi
186 1723 244 1766 qui
266 1721 389 1766 punire
411 1735 483 1754 non
509 1722 630 1766 possit;
663 1721 770 1766 sed⁵)
796 1731 827 1755 et
849 1722 876 1755 si
899 1730 1021 1761 terret,
1058 1723 1191 1755 ratione

67 1793 177 1816 terret.
225 1783 346 1815 Terret
369 1783 476 1822 enim,
501 1792 540 1816 ut
564 1783 724 1826 corripiat
748 1783 925 1816 hominem
950 1783 986 1816 in
1009 1783 1190 1817 auditionis

66 1843 305 1883 tribulatione,
341 1854 377 1877 ut
407 1846 511 1878 verbo
537 1844 809 1878 comminationis
833 1845 1010 1878 deterritus
1034 1846 1191 1879 emendet

164 1990 198 2033 ¹)
222 1990 324 2023 Num.
348 1989 477 2029 XXIII,
500 1989 553 2024 19.

159 2046 197 2089 ²)
223 2045 292 2078 Cfr.
324 2046 427 2078 Num.
452 2045 580 2084 XXIII,
607 2045 658 2079 19.
683 2046 760 2079 coll.
785 2058 861 2090 pag.
885 2044 953 2091 huj.
976 2055 1046 2079 not.
1074 2047 1100 2080 1.

159 2101 196 2144 ³)
221 2101 441 2134 Desideratus
465 2105 554 2140 ‚,cst“
578 2101 613 2133 in
639 2103 691 2135 ed.
717 2101 834 2135 Ruaei.

160 2157 196 2201 ⁴)
220 2157 308 2190 Edd.
332 2156 489 2189 Merlini:
517 2158 593 2202 quia
617 2170 717 2202 supra
744 2159 858 2191 omnia
885 2167 942 2193 est.

157 2213 193 2256 ⁵)
217 2213 321 2246 Deest
345 2214 446 2254 ‚‚sed“
470 2213 504 2245 in
531 2215 582 2246 ed.
608 2213 727 2246 Ruaei.
