1427 2460
210 104 256 141 36
696 103 873 137 Omonms

215 193 485 241 hyacinthinum.
539 193 701 226 Secundo
732 193 769 226 in
799 193 879 225 loco
911 204 1027 225 mensa
1053 190 1222 236 operitur:
1252 191 1352 225 tertio

219 257 478 290 candelabrum:
506 264 625 299 quarto
651 256 754 287 altare
779 267 937 287 aureum:
963 254 1081 299 quinto
1105 267 1182 287 vasa
1205 253 1356 287 ministe-

218 319 269 352 rii.
317 317 418 349 Sexto
446 316 695 360 operimentum
721 315 833 348 altaris
860 329 936 348 cum
963 315 1166 360 quibusdam
1186 315 1357 348 velamen-

220 381 258 413 tis
285 377 479 423 apponitur.
535 376 689 421 Septimo
723 377 759 409 in
791 377 871 410 loco
903 377 1054 421 operitur
1085 386 1118 409 et
1140 377 1294 418 labrum,
1325 385 1358 410 et

220 441 305 474 nihil
329 441 454 472 horum
486 438 639 472 omnium
674 439 804 471 nudum
838 438 1057 483 relinquitur,
1081 448 1138 472 aut
1161 440 1357 472 revelatum.

221 503 382 546 Denique
407 501 544 534 additur
569 500 668 533 etiam
688 509 907 545 praeceptum
932 499 1145 546 hujusmodi:
1170 499 1358 543 „nolite,¹)

220 564 342 609 inquit,
369 563 591 596 exterminare
616 564 658 595 dc
682 562 774 595 tribu
796 576 854 596 sua
873 563 1009 606 plebem
1031 562 1176 596 Caath:“
1201 575 1269 606 quo
1293 560 1358 594 sci-

221 626 301 659 licet
326 626 597 658 exterminandos
623 637 692 657 esse
715 637 749 657 se
773 624 914 665 scirent,
942 624 970 658 si
995 625 1084 656 forte
1109 625 1152 656 ad
1176 623 1260 656 haec
1282 635 1360 655 mo·-

222 689 331 722 venda
364 700 481 720 manus
513 701 588 719 suas
619 687 811 726 mitterent,
847 685 911 719 nisi
942 685 1215 729 unumquodque
1239 697 1360 717 eorum

222 749 316 793 prius
341 763 358 782 a
381 748 613 782 sacerdotibus
636 748 752 781 fuisset
775 748 958 781 obtectum.

313 812 345 845 3.
370 811 469 843 Nunc
503 823 582 852 ergo
615 810 791 843 redeamus
825 810 867 842 ad
898 810 987 843 istud
1020 808 1279 841 tabernaculum
1306 818 1360 838 ec-

226 872 350 906 clesiae
370 872 436 905 Dei
461 871 617 911 viventis,
649 881 679 904 ct
703 872 893 910 videamus,
921 871 1100 915 quomodo
1126 870 1209 902 hacc
1231 868 1363 909 singula

227 933 396 967 observari
421 943 578 978 oporteat
600 933 636 965 in
662 933 798 966 ecclesia
823 932 890 965 Dei
923 946 940 965 a
972 932 1204 965 sacerdotibus
1229 928 1363 962 Christi.

225 997 261 1030 Si
287 996 360 1040 quis
385 1009 464 1028 vero
489 996 647 1028 sacerdos
672 1004 737 1035 est,
771 995 824 1028 cui
849 1008 923 1027 vasa
947 1007 1055 1034 sacra,
1087 994 1124 1026 id
1149 1002 1216 1031 est,
1241 999 1364 1037 myste—

224 1058 356 1091 riorum
379 1057 562 1101 sapientiae
585 1066 711 1089 secrcta
737 1056 915 1089 commissa
939 1065 1034 1095 sunt,
1059 1055 1164 1088 discat
1187 1067 1224 1086 ex
1248 1053 1307 1091 iis,
1332 1060 1364 1083 et

227 1120 390 1157 observet,
415 1118 594 1162 quomodo
619 1118 702 1150 haec
727 1127 883 1162 oporteat
906 1117 995 1150 intra
1019 1118 1171 1149 velamen
1187 1114 1365 1149 conscien-

225 1180 291 1213 tiae
315 1180 503 1218 custodire,
534 1192 597 1211 nec
622 1179 719 1211 facile
743 1181 900 1222 proferre
931 1180 973 1211 ad
996 1178 1186 1223 publicum.
1238 1178 1309 1208 Aut
1338 1174 1366 1208 si

226 1254 278 1275 res
302 1240 412 1286 poscit
437 1241 609 1284 proferre,
635 1249 667 1272 et
690 1239 927 1280 inferioribus,
951 1241 986 1273 id
1012 1248 1076 1280 est,
1098 1237 1366 1283 imperitioribus

227 1304 370 1341 tradere,
395 1315 438 1334 ne
464 1303 556 1334 nuda
581 1302 751 1345 proferat,
774 1315 818 1334 ne
842 1311 958 1346 aperta
984 1292 1152 1340 ostenda',
1177 1310 1207 1333 et
1230 1299 1366 1343 penitus

226 1363 396 1409 patentia:
435 1363 589 1406 alioquin
621 1362 847 1395 homicidium
879 1362 975 1402 facit,
1002 1371 1033 1394 et
1063 1360 1260 1394 exterminat
1289 1360 1364 1404 ple—

225 1427 316 1459 bem.
373 1424 627 1457 Exterminatur
656 1424 747 1457 enim
780 1425 890 1458 omnis
924 1424 981 1468 qui
1021 1433 1147 1456 secreta
1183 1431 1214 1455 et
1244 1421 1366 1454 ineffa-

226 1486 308 1519 bilia
343 1494 551 1518 sacramenta
594 1485 785 1526 contigerit,
831 1486 989 1519 nondum
1025 1483 1152 1518 meritis
1192 1492 1223 1516 et
1257 1483 1367 1516 scien-

227 1547 273 1580 tia
303 1547 339 1579 in
375 1546 555 1580 sacerdotii
589 1547 745 1579 ordinem
779 1548 991 1590 gradumque
1019 1545 1208 1578 translatus.
1276 1543 1368 1578 Solis

229 1607 319 1641 enim
350 1608 425 1640 filiis
451 1609 586 1647 Aaron,
617 1607 850 1641 sacerdotibus
877 1607 1019 1647 scilicet,
1043 1607 1151 1652 ipsam
1177 1618 1291 1638 arcam
1315 1614 1366 1637 te-

227 1670 399 1707 stamenti,
425 1679 455 1701 et
488 1682 652 1709 mensam,
676 1679 707 1702 et
745 1670 999 1708 candelabrum,
1023 1677 1055 1700 et
1077 1668 1105 1701 si
1128 1667 1210 1712 quid
1239 1675 1286 1699 est
1310 1680 1370 1699 eo-

227 1739 323 1771 rum,
356 1744 442 1775 quae
465 1744 566 1775 supra
593 1731 937 1775 comprehendimus,
967 1730 1061 1761 nuda
1086 1741 1123 1760 ac
1154 1730 1296 1761 revelata
1321 1726 1370 1760 vi-

228 1793 309 1825 dere
343 1805 539 1825 concessum
575 1801 630 1826 est.
691 1792 758 1826 Alii
798 1802 910 1825 autem
954 1799 1071 1835 operta
1107 1791 1190 1822 haec
1222 1789 1370 1828 videant,

227 1853 297 1887 imo
324 1854 437 1899 potius
461 1853 568 1886 velata
599 1853 682 1885 haee
713 1853 749 1886 in
781 1854 930 1886 humeris
955 1852 1022 1885 suis
1047 1860 1195 1896 portent.
1241 1852 1285 1884 Et
1308 1850 1370 1884 filii

230 1916 368 1959 quidem
405 1915 530 1954 Caath,
569 1914 730 1959 quoniam
765 1913 829 1958 ipsi
859 1914 938 1947 licet
968 1926 1041 1946 non
1072 1913 1139 1947 sint
1165 1913 1370 1952 sacerdotes,

228 1986 305 2010 sunt
328 1976 489 2020 tamen²)
513 1976 660 2020 proximi
682 1975 934 2015 sacerdotibus,
965 1974 1001 2008 in
1025 1973 1173 2007 humeris
1197 1973 1263 2007 suis
1287 1987 1369 2027 pos-

228 2047 306 2070 suut
337 2038 395 2069 ista
421 2046 578 2081 portare:
609 2038 664 2070 alii
696 2051 774 2070 vero
809 2037 953 2072 sarcinas
987 2048 1081 2076 suas,
1119 2043 1151 2067 et
1185 2034 1367 2068 ministeria

227 2112 292 2132 nec
315 2099 350 2130 in
376 2099 534 2138 humeris,
558 2100 616 2131 sed
641 2099 674 2131 in
701 2100 856 2143 plaustris
880 2107 1024 2144 ponunt.
1078 2095 1127 2130 Ut
1154 2095 1244 2129 enim
1267 2108 1366 2140 prae-

234 2182 261 2185 .—
273 2179 430 2186 -d-Venj
445 2184 456 2185 ἶ

324 2236 358 2280 ¹)
385 2238 485 2270 Num.
512 2238 568 2277 IV,
594 2239 644 2273 18.

319 2291 356 2336 ²)
381 2293 484 2326 Deest
507 2300 665 2335 „tamen·‘
689 2295 725 2327 iu
749 2295 824 2328 edd.
860 2294 900 2327 R.
