1427 2460
223 108 292 144 276
701 108 884 143 OmGEms

224 198 276 234 bis
304 207 548 245 praecepturus
577 210 671 237 sum,
701 205 742 248 ut
771 196 922 232 offeratis
950 197 1034 231 mihi
1067 198 1103 232 in
1134 197 1257 233 diebus
1276 199 1364 235 festis

225 261 318 302 meis,
342 262 419 294 data
443 273 518 293 mea
543 268 631 299 sunt,
656 259 724 292 hoc
750 268 808 299 est,
832 272 851 292 a
875 272 931 292 me
955 259 1051 293 vobis
1075 260 1209 294 dantur.
1256 262 1293 294 A·
1310 274 1366 296 me

227 323 317 356 enim
342 330 475 360 cuncta,
499 334 586 365 quae
611 320 731 361 habet,
761 320 949 354 humanum
981 321 1126 366 percipit
1156 334 1268 364 genus.
1315 324 1368 357 Ne

227 384 301 430 quis
333 396 413 428 ergo
448 383 483 416 in
516 382 702 416 offerendis
734 384 935 417 muneribus
968 383 1125 417 beneficii
1162 396 1198 418 se
1238 384 1368 430 aliquid

226 446 384 480 conferre
402 446 554 478 crederet
567 444 656 484 Deo,
682 453 713 477 et
734 457 798 489 per
821 445 888 478 hoc
911 444 1035 490 impius
1059 446 1095 479 in
1120 458 1161 478 eo
1185 445 1273 491 ipso,
1297 459 1366 491 quo

225 509 341 542 Deum
375 508 489 541 colere
526 506 722 546 videbatur,
759 506 945 541 exsisteret:
979 526 1021 532 —
1055 508 1139 552 quid
1171 508 1262 541 enim
1298 518 1368 542 tarn

225 569 382 615 impium,
407 581 509 613 quarn
527 567 561 613 ¹)
591 567 619 600 si
649 575 746 612 putet
778 568 905 608 homo,
935 569 1027 601 velut
1047 568 1213 610 indigenti
1237 568 1369 614 aliquid

224 645 259 665 se
283 639 453 676 praestare
468 628 572 663 Deo?
597 648 640 655 —
663 629 865 670 necessario,
889 639 928 672 ut
952 629 1107 670 diximus,
1130 629 1223 675 prius
1249 631 1370 665 edocet

224 692 411 732 hominem,
437 704 506 737 quo
532 691 625 731 sciat,
648 704 693 731 se,
717 690 881 736 quicquid
908 691 1033 724 obtulit
1050 691 1139 732 Deo,
1164 692 1307 725 reddere
1330 692 1367 726 id

227 756 256 789 ei
279 755 393 801 potius
417 766 519 799 quam
546 754 682 788 offerre.
718 752 788 786 Sed
813 762 844 785 et
867 752 954 787 illud
977 752 1163 794 videamus,
1187 755 1367 798 quomodo

225 817 288 851 ait:
315 815 474 861 „quae²)
500 814 650 848 offeratis
674 813 759 846 mihi
783 813 818 847 in
843 813 962 848 diebus
987 815 1076 848 festis
1099 815 1215 849 meis.“
1257 815 1370 849 Habet

226 891 306 920 ergo
331 877 426 911 Deus
456 876 532 910 dies·
558 877 660 911 festos
687 875 793 910 suos?
828 876 948 922 Habet.
994 876 1055 910 Est
1079 876 1169 910 enim
1194 877 1224 911 ei
1247 889 1370 919 magna

224 939 383 974 festivitas
420 938 572 971 humana
606 938 704 971 salus.
758 927 833 980 Ego
864 947 968 983 puto,
1003 939 1099 983 quod
1128 951 1191 984 per
1219 938 1370 982 singulos

226 1014 382 1048 quosque
412 999 641 1041 credentium,
675 1012 738 1044 per
767 998 934 1041 singulos,
970 1000 1029 1045 qui
1054 1009 1301 1034 convertuntur
1324 1002 1369 1034 ad

224 1063 360 1103 Deum,
392 1062 450 1107 qui
483 1060 669 1106 proficiunt
700 1060 735 1093 in
767 1060 852 1102 fide,
884 1061 1041 1095 festivitas
1074 1061 1183 1095 oritur
1212 1062 1369 1097 Domini.

227 1123 420 1169 Quomodo
445 1132 542 1168 putas
566 1121 726 1156 laetificat
751 1134 840 1163 eum,
864 1136 942 1156 curn
967 1123 1010 1164 is,
1036 1123 1095 1169 qui
1118 1106 1230 1157 fuera}
1253 1123 1368 1170 impu-

226 1185 332 1226 dicus,
356 1185 395 1218 fit
418 1193 544 1225 castus,
570 1192 601 1217 et
625 1183 684 1228 qui
708 1185 819 1217 suerat
842 1183 1011 1229 injustus„
1026 1183 1188 1230 justitiam
1213 1186 1312 1226 colit,
1337 1195 1370 1220 et

226 1247 286 1294 qui
309 1248 421 1281 fuerat
442 1245 580 1292 impius,
606 1245 752 1279 efficitur
775 1244 875 1291 pius?
907 1245 995 1279 Istae
1019 1258 1141 1281 omnes
1154 1246 1368 1290 singulorum

226 1321 447 1355 quorumque
477 1307 716 1341 conversiones
746 1306 936 1342 festivitates
968 1317 1131 1349 generant
1160 1309 1248 1344 Deo.
1296 1311 1368 1344 Nec

225 1371 371 1405 dubium
404 1379 535 1410 autem,
569 1368 651 1415 quin
677 1378 709 1403 et
732 1369 908 1403 Dominus
933 1379 1050 1404 noster
1073 1372 1171 1404 ,Iesus
1198 1371 1364 1413 Christus,

227 1432 285 1478 qui
311 1445 375 1478 pro
400 1432 507 1465 salute
529 1440 645 1465 nostra
670 1430 771 1464 etiam
794 1430 992 1473 sanguinem
1025 1445 1126 1465 suum
1155 1432 1261 1473 fudit,
1292 1444 1367 1476 agat

225 1493 437 1528 festivitatem
461 1493 662 1533 maximam,
693 1505 772 1525 cum
802 1504 926 1537 operae
949 1493 1097 1538 pretium
1123 1493 1261 1539 videt-³)
1287 1508 1367 1537 esse,

226 1556 322 1601 quod
343 1568 379 1589 se
404 1553 610 1594 humiliavit,
640 1562 672 1587 et
695 1554 842 1587 formam
867 1554 953 1587 servi
977 1555 1161 1600 suscipiens
1186 1557 1295 1591 factus
1320 1564 1368 1592 est

226 1617 390 1651 obediens
414 1629 522 1662 usque
545 1617 589 1649 ad
612 1624 769 1650 mortem.
816 1614 894 1657 Agit
924 1617 1007 1650 festa
1037 1616 1166 1662 pariter
1196 1627 1229 1652 et
1252 1618 1364 1664 Spiri-

226 1687 278 1713 tus
300 1688 454 1719 sanctus,
484 1676 545 1711 ubi
576 1677 675 1723 plura
699 1677 764 1711 sibi
789 1677 880 1710 videt
902 1677 939 1710 in
962 1678 1012 1718 iis,
1036 1677 1096 1724 qui
1119 1689 1366 1715 convertuntur

227 1741 268 1774 ad
294 1739 425 1780 Deum,
456 1739 580 1784 templa
613 1747 827 1784 praeparata.
873 1739 961 1772 Nam
987 1740 1031 1773 de
1055 1741 1181 1784 angelis
1205 1743 1288 1787 quid
1313 1743 1365 1777 di-

226 1815 311 1844 cam,
334 1803 378 1836 ad
403 1814 551 1847 quorum
574 1800 785 1834 festivitatem
809 1800 1007 1835 laetantium
1025 1801 1187 1836 dicuntur
1202 1805 1363 1838 accedere

228 1876 366 1903 omnes,
396 1861 455 1908 qui
486 1872 730 1896 convertuntur
761 1863 806 1896 ad
837 1862 1058 1898 Dominum?
1110 1865 1182 1898 Aut
1211 1878 1284 1898 non
1315 1875 1364 1900 est

225 1924 291 1959 illis
321 1937 443 1967 magna
473 1924 648 1965 festivitas,
680 1937 758 1958 cum
787 1925 954 1959 laetantur
987 1924 1050 1966 „in
1062 1923 1100 1969 ⁴)
1132 1926 1230 1961 coelo
1260 1939 1364 1973 super

322 2075 358 2119 ¹)
380 2074 462 2112 Mss.
485 2087 611 2120 „quam
633 2076 661 2110 si
684 2081 811 2121 putet.“
847 2076 941 2110 Libri
965 2076 1045 2110 editi
1068 2077 1118 2122 (v.
1137 2090 1164 2110 c.
1181 2077 1258 2111 edd.
1273 2076 1360 2121 M.):

228 2119 311 2161 „nisi
333 2121 361 2153 si
385 2124 513 2164 putet.“
536 2121 577 2153 R.

320 2175 357 2219 2>
379 2175 482 2208 Num.
507 2175 675 2217 XXVIII,
698 2179 730 2211 2.

319 2231 358 2273 3)
380 2231 471 2268 Εὰἀ,
496 2230 653 2265 Merlini:
677 2231 819 2269 videtur.

318 2286 356 2330 ι)
378 2286 458 2319 Luc.
484 2285 569 2326 xv,
592 2287 624 2322 7.
