1427 2460
197 93 266 129 370
358 90 539 124 Oxum-:ms
571 97 608 121 m
633 88 818 122 Numnos
842 86 1003 123 HommA
1025 86 1187 121 XXVIII.

206 182 248 218 tis
272 172 452 219 effectione,
479 192 558 212 cum
585 179 678 212 Deus
703 178 855 212 dividere
880 176 1034 222 coeperit
1065 177 1155 221 filios
1179 176 1354 210 novissimi
1386 175 1391 178 ’

208 242 344 278 Adam?
380 243 461 275 Non
495 241 548 273 cui
574 240 683 274 dicat:
716 239 856 283 „eris¹)
887 251 990 285 super
1023 239 1176 283 quinque
1209 237 1354 271 civitates

209 313 411 351 potestatem
436 302 604 336 habens:‘·
636 302 697 336 sed
721 302 776 335 cui
801 300 907 335 dicat:
942 299 1078 344 „eris²)
1107 312 1211 345 super
1234 300 1354 333 decem

212 367 358 400 civitates
388 372 593 410 potestatem
618 364 791 397 habens:“
823 376 886 396 nec
911 362 966 396 cui
991 362 1095 396 dicat:
1127 361 1286 406 „intra-³)
1318 361 1355 394 in
1385 362 1390 370 '

214 428 375 471 gaudium
408 425 553 460 Domini
587 425 674 458 tui:“
707 426 766 459 sed
799 425 853 458 cui
885 425 993 458 dicat:
1023 423 1209 467 „sedete⁴)
1242 432 1274 456 et
1296 435 1357 456 voa
1386 424 1388 426 ’

216 503 353 524 mecum
376 501 478 534 snper
503 488 688 522 duodecim
712 488 867 527 thronos,
890 486 1077 532 judicantes
1092 494 1124 519 et
1137 498 1198 518 vos
1222 485 1358 518 duode-

218 552 285 585 cim
309 551 416 584 tribus
434 549 575 584 Israel:“
600 549 778 594 dequibus
792 548 900 582 dicat:
924 547 1090 593 ,‚pater⁵)
1114 548 1206 587 volo,
1230 556 1279 587 ut,
1297 547 1359 580 ubi

220 627 282 655 ego
306 627 394 652 sum,
417 622 449 646 et
472 611 537 657 ipsi
559 611 627 645 sint
646 614 814 645 mecum.“
860 610 953 643 Volo
980 610 1081 643 etiam
1106 608 1187 642 istos
1212 622 1281 642 esse
1304 621 1360 641 re-
1396 647 1397 650 Ἰ

221 688 287 717 ges,
309 683 348 707 ut
373 686 434 716 ego
460 672 573 717 sim⁶)
607 685 664 707 rex
688 686 818 716 regum.
864 672 955 705 Volo
982 681 1013 705 et
1033 671 1113 705 istos
1145 670 1272 704 habere
1295 670 1359 704 do-

221 737 464 776 minationem,
498 744 536 768 ut
574 744 607 768 et
638 749 698 778 ego
739 735 801 769 sim
815 734 852 779 ⁷)
887 733 1060 767 Dominus
1099 732 1362 766 dominantium.

221 798 331 838 Beati,
355 798 415 843 qui
438 798 482 830 ad
507 796 595 829 hanc
607 796 806 841 pervenient
820 796 1039 829 beatitudinis
1051 807 1230 831 summam.
1253 793 1363 834 Beati,
1400 799 1402 802 '

224 860 283 906 qui
307 861 352 893 ad
382 860 443 893 ista
477 859 706 895 conscendere
736 868 899 904 poterunt
928 857 1057 900 fastigia
1087 856 1310 896 meritorum,
1333 864 1366 889 et
1403 867 1412 976 Ξ

224 921 423 956 benedictus
447 921 542 955 Deus
565 930 692 962 noster,
718 920 776 965 qui
800 921 884 953 haec
906 919 1062 965 promisit
1086 917 1303 960 diligentibus
1318 929 1365 950 se.

224 976 320 1028 H'iss)
343 992 422 1016 sunt
444 981 510 1028 ipsi
533 995 610 1015 vere
632 982 735 1015 sacris
758 981 908 1015 numeris
930 980 1100 1015 numerati
1123 981 1217 1025 apud
1239 979 1366 1012 Domi-
1404 976 1413 1028 ξ

226 1059 322 1086 num,
347 1045 418 1078 imo
443 1045 506 1090 ipsi
529 1053 619 1083 sunt,
642 1057 791 1089 quorum
817 1043 916 1076 etiam
933 1044 1048 1088 capilli
1064 1042 1183 1088 capitis
1194 1039 1368 1075 numerati
1404 1029 1413 1094 ¹

228 1117 306 1142 sunt
328 1120 392 1153 per
415 1105 609 1154 Dominum
633 1114 790 1139 nostrum
803 1104 922 1137 Jesum
937 1103 1122 1144 Christum,
1146 1103 1203 1137 cni
1225 1112 1274 1137 est
1294 1102 1369 1146 glo-

227 1171 288 1211 ria,
311 1178 345 1204 et
365 1166 550 1213 imperium
573 1167 609 1201 in
632 1167 766 1201 saecula
787 1167 1013 1202 saeculorum.
1064 1165 1186 1201 Amen!
1401 1098 1415 1259 ἃ

327 1319 362 1363 ¹)
388 1318 467 1352 Luc.
491 1316 588 1356 xlx,
612 1316 666 1351 19.
760 1315 798 1361 ³)
822 1315 904 1350 Luc.
927 1316 1026 1360 XIX,
1049 1317 1103 1352 17.

324 1375 362 1420 ³)
385 1374 506 1408 matth.
532 1372 646 1412 XXV,
667 1373 722 1407 23.
816 1371 855 1416 4)
883 1373 1007 1406 Mani„
1031 1372 1128 1412 x1x,
1149 1373 1205 1408 28.

328 1432 365 1476 ⁵)
388 1431 451 1465 Ev.
472 1430 602 1465 Joann.
624 1429 734 1469 XVII,
755 1428 811 1463 24.
905 1429 944 1474 6>
968 1428 1058 1463 Edd.
1081 1427 1239 1463 Merlini:
1263 1441 1347 1462 sum.

328 1487 365 1532 ⁷)
388 1486 480 1520 Edd.
504 1485 661 1519 Merliui:
686 1497 772 1518 sum.

328 1542 366 1587 θ)
389 1542 478 1577 Edd.
502 1541 660 1576 Merlini:
683 1541 710 1575 Ii
735 1550 813 1576 sunt
835 1538 900 1586 ipsi
924 1548 984 1574 ete.
