1427 2460
231 89 298 124 292
714 88 892 120 Onmssms

235 180 366 219 mentis,
381 178 521 211 molesta
543 178 643 210 nobis
661 178 774 222 primo
796 178 953 210 videntur
975 177 1110 210 auditu:
1135 176 1260 209 volenti
1281 175 1371 209 enim

232 240 417 284 unicuique
441 238 637 271 auditorum
663 239 792 272 discere
817 241 858 272 de
884 239 931 280 iis,
955 252 1042 283 quae
1065 239 1108 272 ad
1133 238 1275 271 salutem
1293 250 1371 282 per-

235 303 359 341 tinent,
384 315 460 333 cum
487 301 529 332 (lc
553 300 723 333 sacris-ciis
749 301 890 335 arietum
916 311 949 335 et
973 301 1148 334 hircorum
1169 300 1372 333 vitulorum-

236 377 301 409 que
326 364 496 403 recitatur,
521 363 605 395 nihil
630 361 693 396 sibi
719 363 867 397 utilitatis
892 365 1050 397 conferre
1074 362 1272 407 hujusmodi
1297 360 1372 395 lite-

235 439 286 459 ras
310 425 473 471 judicant,
497 433 660 468 quantum
687 426 727 471 ³1]
753 425 865 469 ipsum
891 434 1016 470 spectat
1034 424 1198 458 auditum.
1237 423 1274 456 Si
1289 435 1370 456 vero

234 489 308 533 quis
332 487 541 526 inveniatur,
571 486 628 531 qui
654 486 759 529 possit
782 488 950 527 velamen,
981 488 1074 531 quod
1102 495 1150 520 est
1173 484 1372 530 impositum

233 552 266 583 in
292 550 439 583 lectione
461 548 581 581 veteris
605 549 806 588 testamenti,
838 561 1030 587 removere,
1060 557 1159 593 atque
1188 547 1373 591 inde-per-

234 611 379 656 quirere,
404 623 491 654 quae
514 609 580 643 sint
605 623 680 643 vera
701 610 876 651 sacrificia,
902 623 987 655 quae
1003 610 1186 654 purificent
1201 609 1373 654 populum

233 675 266 707 in
287 672 412 710 „diebus
435 672 542 706 festis:
575 681 657 705 tunc
688 672 832 712 videbit,
861 686 962 718 quam
996 671 1100 712 mira,
1138 680 1170 704 et
1192 670 1372 711 magnifica

233 744 320 774 sunt,
344 746 430 778 quae
454 746 516 778 per
540 734 623 768 haec
647 735 852 775 indicantur,
880 748 966 779 quae
990 733 1160 779 superflua
1183 731 1374 775 ignorant&

233 798 295 830 bus
317 809 354 829 ac
379 795 609 840 superstitiosa
633 797 814 830 ducuntur.
863 797 931 830 Sed
964 797 1047 830 haec
1072 795 1209 840 quidem
1234 794 1373 833 Paulus,

233 868 262 891 et
293 858 319 891 εἰ
353 857 411 902 qui
443 857 472 890 θῖ
503 858 628 891 similes
659 869 755 898 sunt,
792 859 926 904 plenius
963 860 1006 892 ab
1038 858 1109 904 ipsa
1142 856 1307 902 sapientia
1340 864 1373 888 et

233 921 349 953 Verbo
376 919 442 952 Dei
466 920 715 965 perfectiusque
739 920 979 962 cognoverint:
1009 933 1072 954 nos
1097 929 1228 959 nutem,
1261 931 1369 964 quan-

233 992 304 1015 tum
331 995 369 1015 ex
392 981 547 1027 ipsorum
572 981 675 1015 literis
701 982 859 1025 colligere
883 995 1072 1027 possumus,
1096 981 1131 1014 in
1156 981 1280 1026 quibus
1303 992 1368 1012 no-

232 1044 283 1077 bis
307 1043 397 1076 velut
422 1056 484 1088 per
507 1044 665 1077 umbram
699 1054 731 1077 et
760 1045 945 1086 imaginem
967 1044 1089 1077 indicia
1116 1044 1283 1087 quaedam
1311 1042 1370 1074 de-

232 1107 366 1146 derunt,
390 1105 433 1137 ad
459 1104 730 1138 aedificationem
755 1119 975 1138 communem
993 1106 1160 1139 discutere
1175 1103 1371 1137 summatim

232 1169 274 1200 de
297 1166 544 1200 sacrificiorum
577 1166 644 1200 ritu
675 1167 786 1212 aliqua
819 1167 1033 1201 tentabimus.
1080 1167 1120 1200 In
1144 1155 1294 1200 Paschue
1319 1166 1368 1198 fe-

230 1228 374 1262 stivitate
404 1240 508 1270 agnus
541 1228 700 1262 scribitur
734 1242 821 1270 esse,
851 1230 909 1275 qui
934 1229 1092 1275 purificat
1115 1229 1303 1274 populum,
1332 1227 1367 1259 in

231 1290 301 1324 aliis
326 1289 466 1329 vitulus,
498 1290 533 1322 in
559 1291 630 1323 aliis
656 1291 768 1324 hircus
793 1301 850 1324 aut
874 1291 976 1332 aries,
1002 1292 1053 1325 vel
1087 1290 1290 1336 caprahvel
1321 1288 1370 1321 vi-

230 1353 312 1391 tula,
334 1351 419 1384 sicut
445 1364 482 1384 ex
507 1351 556 1392 iis,
581 1365 667 1397 quae
691 1353 829 1386 recitata
849 1363 936 1394 sunt,
961 1353 1132 1387 didicistis.
1169 1352 1267 1385 Unus
1287 1363 1365 1392 ergo

229 1427 265 1446 ex
292 1413 330 1446 iis
355 1412 568 1455 animalibus,
592 1426 679 1458 quac
703 1415 746 1447 ad
769 1415 1022 1458 purificandum
1039 1414 1209 1460 populum
1226 1425 1367 1447 sumun-

231 1485 303 1515 tur,
336 1484 382 1508 est
414 1486 528 1516 agnus.
578 1474 648 1518 Qui
673 1488 777 1517 agnus
801 1477 873 1521 ipse
897 1489 968 1511 esse
991 1476 1116 1510 dicitur
1140 1475 1311 1508 Dominus
1336 1484 1367 1507 et

230 1536 388 1570 Salvator
411 1546 539 1572 noster.
575 1536 630 1569 Sic
656 1538 745 1570 enim
770 1538 934 1571 intellexit
951 1537 1115 1579 JoanneS‚
1141 1536 1199 1581 qui
1224 1546 1271 1570 est
1293 1549 1364 1569 ma-

231 1597 284 1641 jor
314 1598 469 1631 omnium
501 1599 767 1643 prophetarum,
810 1609 842 1633 et
879 1599 1020 1643 signavit
1050 1600 1093 1632 de
1122 1599 1197 1645 ipso
1232 1598 1384 1632 dicenszv

230 1659 394 1708 „ecce,¹)
433 1672 536 1702 agnus
570 1660 654 1700 Dei,
696 1674 792 1701 ecce,
833 1662 891 1707 qui
929 1661 1018 1695 tollit
1047 1671 1185 1707 peccata
1214 1663 1365 1696 mundis*

230 1722 336 1770 Quod
360 1722 387 1754 si
413 1733 535 1763 agnus,
568 1723 625 1766 qui
650 1724 692 1756 ad
716 1722 968 1777 purificanflum
992 1724 1162 1769 populum
1186 1725 1284 1760 datus
1309 1735 1366 1763 est,

229 1784 272 1816 ad
296 1796 480 1828 personam
506 1783 650 1817 Domini
675 1794 706 1818 et
729 1786 911 1820 salvatoris
933 1786 1043 1819 nostri
1065 1776 1220 1828 refectui,
1245 1801 1362 1821 conse-

229 1857 334 1889 quens
358 1846 508 1884 videtur,
541 1846 635 1890 quod
661 1846 761 1880 etiam
788 1857 896 1881 cetera
922 1848 1100 1890 animalia,
1136 1861 1224 1893 quae
1245 1848 1362 1883 iisdem

231 1906 447 1950 purificativis
461 1906 498 1950 ²)
523 1907 637 1940 usibus
663 1908 820 1952 deputata
849 1919 934 1948 sunt,
959 1910 1077 1942 referri
1101 1910 1247 1943 debeant
1270 1910 1362 1944 simi-

326 2166 359 2208 ¹)
382 2166 441 2198 Ev.
466 2167 592 2201 Joann.
618 2171 644 2207 1,
668 2168 723 2203 29.
749 2169 825 2202 coll.
854 2170 929 2202 edd.
955 2170 997 2202 N.
1022 2168 1060 2200 T.

320 2220 357 2263 ²)
382 2219 469 2254 Cod.
494 2223 601 2255 sancti
625 2223 853 2259 Theudorici:
887 2224 1226 2270 „purificationum.“
1275 2224 1363 2256 Cnd.

227 2264 444 2300 Ebroicensis
468 2267 589 2301 habet:
612 2270 924 2312 „purificationisfl
961 2270 1002 2302 R.
