1427 2460
408 56 444 79 IN
468 47 648 79 Nummos
673 46 832 79 Humum
851 46 930 79 XX.
1168 47 1235 83 247

105 136 199 169 modi
224 137 429 169 voluntatem
452 134 584 179 peperit
607 135 736 175 anima,
767 135 868 177 digne
891 135 926 168 in
951 148 988 168 ea
1021 136 1103 169 odio
1127 137 1232 170 habe-

103 208 156 230 tur
196 199 303 231 malae
333 197 513 231 voluntatis
550 198 748 231 exsecranda
789 196 978 243 conceptio.
1043 197 1233 242 Propterea

87 260 248 293 .l'01·tassis
283 259 318 292 in
357 258 456 303 hujus
491 260 692 292 sacramenti
725 260 832 300 figura
870 259 970 292 etiam
1008 259 1233 303 Chanaam1)

101 336 194 366 puer,
225 330 405 366 antequam
435 331 638 361 nasceretur,
672 320 895 354 maledicitur.
945 321 1053 354 Cham
1084 334 1233 366 namque

100 392 291 428 peccaverat
319 392 416 427 pater
445 382 533 428 ejus:
564 393 594 415 et
623 383 832 428 prophetans
863 383 958 421 Noe,
989 396 1066 416 cum
1097 383 1232 417 unicui-

99 456 164 488 que
201 443 352 476 filiorum
381 458 523 478 suorum
556 445 681 489 optima
713 457 868 489 quaeque
895 444 1056 484 signaret,
1092 444 1153 477 ubi
1186 447 1229 479 ad

97 504 206 538 Cham
229 515 366 538 ventum
390 516 452 539 est:
475 507 753 546 „maledictus,²)
778 505 897 550 inquit,
922 505 1095 539 Chanaam
1112 512 1231 551 puer.“

96 565 204 599 Cham
235 568 401 611 peccavit,
437 577 469 600 ct
493 568 666 601 Chanaam
695 567 873 612 progenies
906 566 977 613 ejus
1005 568 1229 609 maledicitur,

95 638 126 661 et
155 629 335 678 maledicta
367 639 423 662 est.
470 630 514 663 Et
541 630 619 663 ideo
645 630 754 663 acrius
777 630 877 662 nobis
899 629 1147 663 intendendum
1171 640 1230 670 est,

94 700 125 723 et
154 691 451 736 prospiciendum,
470 705 523 725 ‘ne
546 694 637 725 forte
660 701 795 734 generet
816 691 945 735 aliquid
970 691 1100 731 anima,
1132 693 1227 736 quod

93 753 271 786 maledicto
303 754 442 794 dignum
475 754 533 792 sit,
567 762 604 786 ut
633 753 761 786 etiamsi
792 754 950 786 nondum
976 765 1080 797 opere
1103 754 1227 798 imple-

93 815 192 855 verit,
230 815 265 847 iu
303 815 374 860 ipsa
405 825 518 848 tamen
548 816 724 848 voluntate
755 823 787 846 et
817 814 997 858 proposito
1030 812 1100 860 ejus
1131 815 1174 848 sit
1188 815 1225 859 ³)

91 875 286 921 hujusmodi
323 878 501 910 maledicta
540 875 729 921 progenies.
783 877 888 925 Quod
928 885 960 908 et
992 877 1018 909 si
1047 878 1135 909 forte
1164 878 1224 910 ali-

91 939 230 983 quando
261 940 425 972 evenerit:
451 959 494 965 —
519 939 592 984 quis
623 937 712 971 enim
737 937 927 970 invenietur
949 938 1066 978 facile,
1097 939 1156 983 qui
1181 940 1223 971 ab

90 1000 286 1046 hujusmodi
310 1001 542 1042 generatione,
567 1001 602 1033 id
627 1009 693 1040 est,
716 1000 880 1045 peccandi
900 1001 1073 1033 voluntate
1087 1000 1223 1049 *babea—

75 1072 145 1094 .tur
172 1062 358 1095 immunis?
379 1081 424 1088 -—
454 1063 481 1095 si
514 1075 592 1104 ergo
618 1061 778 1094 acciderit
800 1062 866 1094 tale
891 1061 1035 1107 aliquid,
1063 1061 1146 1106 quid
1171 1075 1223 1095 re-

88 1123 190 1156 medii
214 1125 332 1163 detur,
363 1136 401 1156 ex
426 1123 545 1157 divinis
568 1123 799 1156 voluminibus
823 1123 1043 1167 requiramus.
1090 1123 1225 1156 Inveni·

88 1198 163 1218 mus
188 1198 267 1226 ergo
291 1186 326 1218 in
352 1185 488 1229 psalmis
513 1185 555 1217 de
579 1185 646 1218 hoc
665 1185 845 1229 scriptum:
868 1184 958 1224 „filia
975 1183 1012 1228 ἰ)
1035 1183 1223 1250 Bab‘ylonis

89 1248 226 1286 misera,
250 1249 385 1287 beatus,
410 1247 467 1291 qui
492 1247 657 1279 retribuet
673 1246 709 1288 5)
732 1245 793 1278 tibi
817 1246 1095 1285 retributionem,
1119 1259 1219 1291 quam

88 1308 271 1342 retribuisti
300 1310 410 1342 nobis.
465 1309 607 1346 Beatus,
639 1307 697 1351 qui
727 1307 856 1340 tenebit
889 1317 921 1340 et
949 1307 1066 1341 allidet
1097 1320 1221 1352 parvu-

84 1372 135 1402 los
152 1370 190 1413 6)
225 1377 301 1403 tuos
333 1372 374 1403 ad
406 1374 571 1415 petram.“
627 1369 671 1402 Et
700 1369 727 1402 si
758 1370 914 1402 nondum
946 1369 1074 1414 aliquid
1110 1370 1222 1414 operis

83 1432 178 1473 gessit
209 1431 421 1478 Babylonius
454 1433 490 1465 in
526 1431 627 1464 nobis
658 1431 720 1464 iste
749 1441 953 1475 conceptus,
990 1432 1073 1464 dum
1108 1431 1221 1464 adbuc

82 1494 241 1537 parvulus
265 1502 328 1533 est,
358 1506 430 1526 non
455 1492 644 1526 miserearis
668 1491 756 1538 ejus,
777 1506 840 1526 nec
862 1506 981 1538 parcas
1005 1493 1047 1533 ei,
1069 1495 1129 1526 sed
1153 1503 1219 1527 sta-

84 1556 143 1588 tim
175 1555 334 1588 interfice.
382 1555 529 1589 odibilis
563 1554 652 1588 enim
678 1564 742 1588 est:
775 1555 921 1600 perime,
946 1555 1068 1589 occide
1091 1556 1219 1589 elidens

83 1618 125 1650 ad
158 1626 301 1660 petram.
346 1616 447 1648 Petra
472 1625 584 1649 autem
609 1626 657 1649 est
679 1616 842 1651 Christus.
890 1617 978 1661 Quis
1002 1630 1081 1659 ergo
1105 1625 1217 1651 tantus

83 1692 122 1711 ac
144 1678 219 1711 talis
243 1688 306 1717 est,
328 1687 366 1710 ut
388 1691 460 1710 non
486 1687 653 1723 exspectet
677 1680 839 1719 omniuo,
866 1692 974 1724 usque
997 1691 1066 1724 quo
1091 1688 1218 1712 crescat

83 1741 117 1773 in
151 1754 191 1773 eo
216 1741 406 1788 Babylonia
423 1739 459 1781 ⁷)
490 1742 645 1780 soboles,
673 1754 735 1773 nec
768 1750 955 1782 augeantur
983 1741 1020 1774 in
1045 1754 1086 1774 eo
1111 1752 1216 1785 opera

85 1803 311 1843 confusionis,
339 1806 397 1838 sed
428 1806 461 1837 in
486 1804 604 1849 primis
627 1802 736 1836 statim
760 1803 870 1843 initiis,
894 1803 954 1836 ubi
976 1804 1068 1838 nasci
1092 1815 1215 1846 coepe-

178 1950 210 1993 ’)
233 1949 323 1985 Edd,
347 1950 487 1983 Merlini
510 1958 718 1983 constanter:
745 1948 918 1982 chanaan.

173 2006 210 2050 ²)
236 2005 359 2039 Genes.
383 2006 442 2046 IX,
465 2008 519 2041 25.
616 2006 652 2050 ³)
677 2006 768 2041 Edd.
790 2005 947 2039 Merlini:
972 2004 1042 2038 erit.

171 2063 207 2106 ⁴)
232 2062 357 2095 Psalm.
384 2062 593 2102 CXXXVII,
615 2063 648 2097 8.
670 2062 703 2097 9.

172 2120 208 2162 ⁵)
230 2118 321 2152 Edd.
344 2118 504 2153 Merlini:
527 2119 693 2152 retribuit.

169 2176 206 2219 ⁶)
228 2175 318 2208 Edd.
342 2175 497 2209 Merlini:
519 2175 679 2220 parvulos
702 2189 791 2209 suos.

171 2232 206 2276 ⁷)
231 2232 321 2266 Edd.
346 2231 504 2265 Merlini:
526 2231 754 2276 Babyloniae.
