1427 2460
239 86 309 121 302
723 84 901 119 Ommzms

239 175 438 210 hominibus
464 175 674 209 ostendimus
690 175 741 221 ¹),
775 184 814 209 ut
835 175 897 210 illo
922 174 1038 209 divino
1060 184 1190 209 constet
1213 179 1377 224 examine,

239 248 356 272 utrum
387 251 446 271 sua
479 237 607 271 desidia
639 238 856 282 peccaverint
886 237 1062 279 homines,
1093 251 1136 271 an
1166 240 1380 274 monitorum

241 300 492 343 custodumque
533 298 748 342 negligentia.
805 300 952 334 Videtur
985 299 1070 334 mihi
1105 300 1204 334 etiam
1238 301 1275 335 in
1309 303 1379 337 hoc

238 362 339 402 loco,
363 360 462 394 etiam
487 361 551 394 sub
575 361 737 408 mysterio
763 361 932 403 designari
955 371 986 396 et
1010 362 1155 403 ostendi,
1178 364 1275 408 quod
1296 363 1381 398 aliae

239 424 380 469 quidem
403 432 442 456 ut
465 422 556 457 filiae
578 424 642 457 sub
658 423 697 468 ²)
728 423 768 458 iis
792 423 927 457 animae
952 425 1095 467 degunt,
1123 423 1210 458 aliae
1231 434 1271 458 ut
1292 420 1397 459 uxo-¹

237 499 291 519 res
314 486 501 519 secundam
526 498 583 526 ea,
608 498 696 530 quae
718 485 874 531 superius
898 486 1116 521 distinximus.
1152 485 1190 520 Si
1215 499 1282 532 qua
1299 499 1380 530 ergo

237 548 361 580 harum
393 548 520 580 offerre
552 546 680 592 aliquid
711 556 743 580 et
766 560 889 581 vovere
920 547 1036 593 cupiat
1058 548 1156 590 Deo,
1186 549 1215 583 si
1240 549 1381 594 quidem

236 621 531 654 praeproperum,
565 618 597 642 et
628 608 740 642 minus
763 619 899 653 aptum,
932 611 1026 655 quod
1050 609 1161 651 vovit,
1193 619 1261 651 cst,
1289 610 1381 645 illius

237 680 302 711 cst,
325 680 444 716 utpote
469 669 619 704 custodis
645 679 676 703 et
699 670 882 706 monitoris
907 672 1035 715 angeli,
1066 673 1244 705 retrudere
1268 681 1302 705 et
1324 685 1379 706 re-

236 733 386 777 primere
409 733 559 766 voventis
584 732 771 766 audaciam.
819 733 856 767 Si
879 746 960 766 vero
985 732 1126 767 audiens
1149 746 1223 767 non
1246 747 1380 779 repres-

236 794 333 836 serit,
365 808 437 827 non
470 794 663 836 monuerit,
697 794 809 828 anima
834 794 974 840 quidem
997 794 1201 829 liberabitur
1225 809 1242 829 a
1267 796 1381 841 culpa,

235 857 309 902 ipse
332 870 414 889 vero
445 856 515 889 voti
547 857 702 890 manebit
733 856 911 891 obnoxius.
965 857 1044 890 Hoc
1059 856 1097 902 3)
1131 856 1270 902 quidem
1301 870 1380 900 erga

235 918 416 952 inferiores
454 931 606 964 quasque
638 918 713 952 fieri
745 919 983 964 accipiendum
1017 928 1081 959 est,
1116 918 1380 964 perfectioribus

236 980 310 1026 ipse
340 981 433 1014 adest
467 981 580 1021 Deus,
621 980 709 1014 sicut
737 981 904 1025 scriptum
938 989 985 1013 est
1017 980 1060 1012 de
1089 982 1225 1026 populo
1256 981 1380 1016 Israel:

236 1042 438 1084 „Dominus
455 1041 492 1087 ⁴)
523 1039 778 1087 ipse ducebat
801 1045 890 1075 eos.“
935 1041 1058 1074 Postea
1082 1054 1164 1075 vero
1190 1055 1293 1087 quam
1319 1043 1380 1076 de-

234 1105 428 1148 liquerunt,
459 1113 491 1136 et
514 1103 694 1138 inferiores
717 1112 824 1137 semet
845 1102 925 1148 ipsis
947 1104 1029 1137 facti
1051 1112 1147 1143 sunt,
1171 1105 1293 1146 angelo
1313 1114 1380 1138 tra-

236 1167 375 1200 duntur.
422 1165 526 1199 Unde
551 1175 583 1199 et
607 1166 724 1199 Moses
748 1165 900 1198 dicebat:
925 1164 1015 1206 „nisi
1032 1164 1070 1209 5)
1093 1173 1129 1198 tu
1153 1164 1227 1210 ipse
1249 1166 1380 1202 veneris

234 1227 436 1268 nobiscum,
465 1241 539 1261 non
570 1241 626 1261 me
661 1228 785 1261 educas
808 1226 921 1260 hinc.“
967 1226 1037 1260 Sed
1061 1236 1094 1260 et
1117 1227 1160 1260 de
1181 1225 1273 1273 justo
1299 1228 1381 1262 dicit

236 1289 348 1323 Deus:
390 1302 495 1329 „cum
512 1289 550 1335 ⁶)
592 1291 669 1335 ipso
706 1302 781 1323 sum
816 1288 853 1321 in
882 1288 1150 1322 tribulationei“
1180 1297 1214 1322 et
1228 1289 1266 1332 ⁷)
1296 1289 1380 1324 alibi

238 1351 339 1385 dicit:
365 1365 464 1392 „non
478 1351 516 1395 ⁸)
542 1350 660 1385 timeas
684 1351 889 1384 descendere
911 1349 948 1383 in
972 1352 1182 1397 Aegyptum,
1215 1352 1378 1396 quoniam

235 1422 349 1446 tecum
381 1417 474 1447 ero.“
519 1412 624 1447 Justis
653 1425 734 1454 ergo
767 1422 800 1446 et
830 1411 942 1445 electis
971 1412 1044 1456 ipse
1067 1412 1165 1445 adest
1187 1412 1378 1447 Dominus:

237 1474 461 1508 inferioribus
490 1488 571 1508 vero
603 1475 727 1508 adsunt
751 1473 875 1517 angeli,
908 1474 1098 1507 secundum
1123 1486 1179 1513 ea,
1210 1486 1299 1519 quae
1320 1486 1378 1508 su·
1426 1496 1427 1518 ;

233 1537 348 1582 perius
376 1536 537 1578 diximus,
568 1537 793 1580 gubernantes
810 1535 847 1579 ⁹)
877 1547 936 1569 eos
961 1544 993 1568 et
1015 1544 1258 1580 procurantes,
1281 1545 1377 1570 vota·
1424 1562 1427 1577 :

328 1648 365 1693 ¹)
389 1649 479 1682 Edd.
504 1647 660 1682 Merlini:
687 1646 908 1682 ostendimus.
956 1647 996 1680 In
1021 1646 1083 1680 illo
1110 1657 1172 1682 etc.

329 1703 366 1749 ²)
393 1704 481 1739 Cod.
520 1704 628 1739 sancti
659 1702 891 1737 Theoderici:
926 1703 1017 1744 „sub
1048 1703 1119 1738 iis.“
1170 1702 1265 1738 Libri
1296 1704 1378 1742 editi

234 1750 282 1794 (v.
308 1763 335 1784 c.
361 1750 439 1783 edd.
465 1750 553 1795 M):
580 1750 764 1795 ‚‚superis.“
811 1748 853 1782 R.

329 1805 366 1850 ³)
390 1806 481 1840 Edd.
506 1805 647 1839 Merlini
669 1818 871 1852 perperam:
894 1804 1066 1850 Equidem
1091 1818 1170 1847 erga
1193 1815 1254 1840 etc.

328 1861 366 1906 ⁴)
392 1862 462 1896 Cfr.
498 1863 608 1896 Exod.
635 1862 690 1896 VI.
725 1863 803 1895 coll.
828 1861 907 1898 XII.
929 1880 974 1887 —
1008 1860 1099 1894 Edd.
1123 1860 1280 1896 Merlini:
1317 1862 1386 1896 de-v

322 1908 345 1940 b
382 1935 388 1942 .

234 1909 497 2009 duce⁵3tExod
523 1963 698 2005 XXXIII,
721 1964 775 1999 15.
870 1963 909 2007 ⁶)
932 1963 1058 1998 Psalm.
1081 1961 1176 2004 XCI,
1198 1964 1252 1999 15.

327 2023 364 2071 ⁷)
387 2025 478 2074 Edd.
503 2025 661 2058 Merlini:
687 2035 719 2058 et
743 2025 799 2059 alii
824 2024 916 2058 dicit.

326 2081 363 2126 ⁸)
391 2082 513 2129 Gencs.
537 2081 659 2122 XLVI,
682 2083 714 2116 3.
741 2082 772 2115 4.

328 2137 366 2182 9)
388 2138 521 2171 Verba:
545 2138 801 2179 „gubernantes
825 2151 884 2172 eos
908 2146 940 2170 et
957 2144 1202 2181 procurantes,
1227 2146 1374 2182 votaque

235 2202 277 2209 ——
290 2185 538 2222 transferentes,
561 2183 748 2227 aliquando
762 2202 806 2208 -—
821 2181 1085 2227 relinquentes“,
1107 2180 1142 2214 in
1164 2181 1259 2215 libris
1276 2192 1374 2216 antea
1413 2181 1416 2194 '

235 2229 333 2262 editis
367 2229 414 2272 (v.
453 2241 479 2260 c.
506 2228 581 2261 edd.
606 2229 682 2273 M.)
719 2228 857 2269 omissa,
897 2229 1101 2273 supplentur
1136 2240 1175 2261 ex
1211 2227 1372 2262 omnihus
1413 2265 1415 2270 ,

235 2274 315 2308 Mss.
362 2274 402 2306 R.

1412 2197 1416 2209 1

1412 2213 1416 2248 ἓ
