1427 2460
219 113 289 148 310
722 112 901 146 Omenms
918 161 922 163 ,

1290 178 1298 190 x

222 215 302 236 vero
329 202 499 245 fragiliora
523 211 611 241 sunt,
636 210 669 234 et
692 202 804 243 ignem
829 214 900 235 non
926 204 1050 252 ferunt,
1073 213 1161 246 aqua
1184 199 1357 245 purificari

220 264 393 310 jubentur.
449 263 553 296 Fiunt
577 275 656 306 ergo
681 276 719 296 ex
750 263 910 297 omnibus
941 263 1059 308 spoliis
1091 263 1249 307 aequales
1273 263 1360 296 duae

221 337 344 371 partes,
367 335 405 358 ut
427 338 496 358 una
520 324 562 357 sit
586 337 724 365 eorum,
748 324 805 369 qui
831 325 872 357 ad
897 325 1027 358 bellum
1052 333 1303 370 processerant,
1327 333 1359 357 et

221 386 286 420 alia
312 400 450 426 eorum,
476 386 533 431 qui
556 386 591 419 iu
618 387 731 420 castris
753 387 957 420 resederant.
1003 386 1176 419 Jubentur
1199 385 1298 419 etiam
1323 398 1362 419 ex

222 448 263 482 iis
288 450 414 482 offerre
437 449 471 482 in
499 448 590 480 dona
614 448 697 481 Dei:
722 447 771 480 illi
797 447 954 492 quidem,
979 447 1037 492 qui
1061 457 1295 492 processerant
1318 448 1362 481 ad

222 510 371 549 bellum,
401 523 509 542 unum
536 519 638 554 caput
662 523 700 542 ex
724 508 935 554 quingentis:
973 509 1023 542 illi
1042 509 1077 554 ¹)
1102 522 1203 550 vero,
1242 509 1301 554 qui
1325 509 1362 543 in

224 573 337 606 castris
361 581 565 612 manserant,
590 585 698 604 unum
723 584 760 603 ex
786 570 1046 616 quinquaginta:
1072 579 1174 616 atque
1199 572 1357 605 omnium
1399 569 1403 575 ³

222 633 321 667 simul
346 634 379 667 in
405 647 512 666 unum
537 633 700 666 collectus
725 645 888 665 numerus
912 633 1066 665 refertur.
1116 632 1208 666 Haec
1235 642 1283 666 est
1307 631 1359 665 hi-

223 696 349 729 storiae
373 695 592 731 continentia.

313 759 344 792 4.
394 757 462 791 Sed
487 757 676 797 videamus,
712 755 794 801 quid
824 757 858 789 in
892 757 930 789 iis
960 769 1075 790 sensus
1106 755 1235 790 indicet
1264 755 1363 801 spiri-

222 820 331 854 tualis.
384 820 424 853 Iu
450 820 581 864 populo
608 818 674 858 Dei
698 827 776 852 sunt
800 818 956 863 quidem,
987 818 1074 851 sicut
1099 819 1283 863 Apostolus
1308 818 1361 852 di·

226 883 280 922 cit,
296 881 332 924 ²)
359 881 416 924 qui
440 881 588 914 militant
612 881 708 913 Deo:
732 880 783 912 illi
807 879 880 913 sine
905 879 1034 921 dubio,
1058 880 1116 925 qui
1139 893 1174 913 se
1199 893 1271 914 non
1297 881 1362 913 ob-

223 943 325 986 ligant
349 944 491 986 negotiis
514 943 759 977 saecularibus:
802 951 835 974 et
867 941 919 974 isti
943 951 1039 983 sunt,
1077 942 1136 986 qui
1171 943 1365 987 procedunt

223 1006 266 1038 ad
291 1006 430 1044 bellum,
456 1014 487 1037 et
511 1013 665 1050 pugnant
680 1004 837 1037 adversus
862 1013 975 1046 gentes
999 1003 1162 1044 inimicas,
1188 1013 1219 1037 et
1244 1005 1364 1037 adver-

226 1080 301 1099 sum
325 1066 514 1111 spirituales
538 1065 704 1110 nequitias
729 1078 793 1110 pro
820 1065 952 1109 reliquo
983 1066 1135 1110 populo,
1168 1075 1199 1102 et
1223 1079 1288 1111 pro
1314 1066 1364 1107 iis,

225 1129 282 1173 qui
307 1128 512 1161 infirmiores
544 1137 638 1167 sunt,
677 1127 746 1159 sive
768 1138 831 1171 per
855 1135 1016 1166 aetatem,
1055 1125 1122 1160 sive
1154 1139 1215 1171 per
1237 1141 1363 1171 sexum,

222 1189 291 1223 sive
313 1203 376 1234 per
398 1188 626 1235 propositum.
676 1188 835 1231 Pugnant
867 1197 978 1221 autem
1012 1187 1065 1221 isti
1097 1188 1309 1223 orationibus
1333 1198 1366 1223 et

222 1250 375 1297 jejuniis,
412 1251 536 1298 justitia
556 1251 594 1295 ³)
627 1259 659 1283 et
688 1251 825 1295 pietate,
863 1249 1123 1284 mansuetudine
1147 1259 1178 1283 et
1203 1252 1363 1292 castitate,

225 1313 422 1358 cunctisque
447 1312 674 1346 continentiae
698 1312 894 1352 virtutibus,
918 1321 1081 1357 tanquam
1105 1312 1206 1347 armis
1232 1313 1361 1346 bellicis

225 1375 444 1408 communiti:
485 1384 516 1408 et
550 1387 628 1407 cum
665 1374 803 1415 regressi
834 1373 961 1407 fuerint
991 1375 1032 1407 ad
1068 1383 1176 1408 castra
1207 1374 1364 1415 x’ietores,

223 1438 385 1469 fruuntur
415 1437 592 1469 laboribus
617 1448 737 1468 eorum
763 1434 864 1467 etiarn
895 1434 1068 1476 imbelles,
1105 1445 1137 1469 et
1159 1435 1200 1476 ii,
1237 1435 1294 1481 qui
1319 1438 1363 1469 ad

223 1510 373 1542 pugnam
390 1498 440 1530 vel
464 1511 535 1530 non
561 1506 735 1536 vocantur,
760 1497 811 1528 vel
833 1495 921 1528 exire
945 1509 1017 1529 non
1042 1507 1194 1541 possunt.
1244 1498 1364 1531 Scien-

226 1559 308 1591 dum
333 1568 445 1591 tamen
471 1567 528 1598 est,
554 1559 647 1603 quod
668 1557 794 1596 omnia,
821 1570 908 1601 quae
924 1567 1108 1591 sumuntur
1131 1572 1169 1592 ex
1193 1559 1260 1593 istis
1283 1572 1365 1602 gen-

222 1622 329 1660 tibus,
354 1621 532 1654 immunda
552 1629 648 1655 sunt:
682 1629 714 1652 et
738 1633 840 1653 omne
863 1621 1022 1662 fortasse,
1045 1620 1209 1666 quicquid
1234 1634 1273 1654 ex
1297 1622 1364 1656 hoe

224 1683 360 1715 saeculo
385 1682 584 1722 adsumitur,
608 1683 658 1714 vel
684 1682 818 1726 proelio
842 1683 983 1726 capitur,
1007 1682 1226 1715 immundum
1251 1692 1308 1723 est,
1332 1691 1365 1716 et

224 1742 462 1789 purificatione
497 1744 642 1785 indiget:
688 1753 720 1776 et
756 1746 923 1789 quaedam
968 1756 1007 1776 ex
1040 1743 1120 1789 ipsis
1155 1757 1218 1788 per
1250 1743 1363 1785 ignem

224 1805 406 1839 transitura
442 1814 538 1844 sunt,
577 1805 648 1838 aliis
681 1814 792 1838 autem
830 1806 976 1839 sufficiet
1014 1818 1122 1850 aquae
1159 1805 1362 1850 purificatio·

224 1867 463 1913 Adsumuntur
486 1877 597 1900 autem
624 1880 661 1899 ex
684 1867 818 1912 proelio
837 1867 936 1900 etiam
963 1867 1118 1901 homines
1143 1876 1175 1900 et
1197 1866 1362 1913 jumenta,

226 1942 305 1962 cum
322 1929 534 1974 captivantur
554 1942 672 1962 omnes
695 1928 883 1962 intellectus
897 1930 939 1962 ad
963 1928 1195 1963 obediendum
1213 1928 1363 1963 Christo.

226 1993 276 2024 Ex
299 1990 338 2024 iis
362 1991 452 2024 enim
478 1990 575 2035 ipsis,
607 2004 691 2035 quos
717 1990 923 2035 ceperimus,
957 1989 1133 2024 offerimus
1156 1991 1245 2024 Deo.
1291 1990 1363 2025 Nisi

320 2186 354 2228 ¹)
379 2185 467 2218 Edd.
492 2185 649 2219 Merlini:
673 2187 740 2221 illis
765 2201 843 2221 vero
870 2198 929 2221 etc.

318 2242 356 2284 ²)
380 2241 412 2273 ΙΙ
436 2240 524 2274 Tim.
550 2241 600 2280 11,
623 2243 654 2276 3.
681 2245 710 2276 4.

317 2297 354 2342 ⁸)
378 2297 468 2331 Edd.
492 2297 649 2332 Merlini:
676 2308 707 2332 et
731 2298 866 2344 justitia,
889 2299 1022 2345 pietate.
