1427 2460
247 78 314 113 110
729 79 904 114 Omessms

246 170 390 215 quisque
413 171 593 202 doctorum
617 179 702 214 puto
728 172 823 214 quod
837 183 901 216 pro
921 183 974 210 eo,
1001 172 1094 215 quod
1112 172 1214 206 docet
1233 182 1267 206 et
1279 186 1378 218 prae·

246 232 338 266 dicat
361 240 394 264 et
416 230 549 264 instruit
573 231 761 272 auditores,
792 245 910 274 agrum
943 232 1099 266 ecclesiae
1133 233 1241 275 illius,
1276 247 1377 280 quam

247 295 359 332 docet,
382 291 419 324 id
443 301 501 331 est,
527 293 737 326 credentium
763 295 868 328 corda
889 295 1043 328 videatur
1065 297 1228 329 excolere.
1267 296 1379 331 Habet

246 368 325 397 ergo
352 363 384 387 et
406 353 478 398 ipse
502 354 654 388 culturae
677 367 758 388 suae
780 357 937 397 fructum,
962 366 993 390 et
1015 357 1106 391 iniis
1133 358 1292 392 omnibus
1307 359 1380 392 fru-

245 416 353 449 ctibus
377 416 504 449 invenit
527 416 599 449 sine
623 418 730 450 dubio
755 417 900 471 electum
925 418 1071 464 aliquem
1095 428 1127 452 ct
1145 420 1381 465 praecipuum,

245 490 347 522 quem
372 479 467 522 quasi
489 478 654 522 primitias
678 479 818 519 offerat,
845 478 973 513 invenit
997 489 1029 513 et
1053 493 1139 525 quos
1159 494 1224 526 pro
1249 481 1379 524 primo-

245 539 374 581 genitis,
399 549 431 573 et
451 540 536 573 alios
558 553 624 584 pro
649 540 798 574 decimis.
847 540 954 584 Quod
977 542 1004 575 si
1027 555 1100 575 non
1118 542 1250 576 videtur
1273 553 1379 576 teme-

245 601 370 634 rarium
405 603 532 635 audere
560 601 596 634 in
628 601 770 642 talibus,
812 612 955 646 possunt
984 604 1125 637 fortasse
1161 604 1380 649 primogeniti

245 677 322 696 vere
345 663 395 697 illi
421 664 505 704 dici,
541 664 584 696 de
609 664 731 708 quibus
755 664 918 709 scriptum
944 666 1050 709 est,¹)
1081 665 1160 710 quia
1191 679 1280 707 cum·
1300 679 1377 699 mu-

244 725 382 759 lieribus
405 738 440 759 se
463 738 536 758 non
550 725 824 770 inquinaverunt,
846 726 988 768 virgines
1001 727 1091 759 enirn
1111 736 1381 771 permanserunt,

244 797 301 821 aut
324 787 425 821 etiam
450 788 493 820 de
516 788 721 834 martyribus
743 797 855 832 potest
878 788 1005 821 dictum
1030 788 1145 822 videri.
1191 789 1236 822 Et
1259 787 1378 833 primi·
1408 819 1410 825 ,

244 849 310 882 tiae
332 849 557 883 nihilominus
580 859 722 894 possunt
744 849 885 891 intelligi
910 850 1067 883 ecclesiae
1097 849 1255 892 virgines:
1285 849 1378 883 deci-

243 925 320 945 mae
344 924 483 956 quoque
505 911 538 952 ii,
563 912 622 956 qui
644 920 724 956 post
746 910 941 958 conjugium
979 911 1192 944 continenter
1227 920 1259 944 et
1290 920 1378 945 caste

242 974 394 1007 vixerint.

332 1036 364 1069 4.
388 1037 519 1071 Verum
556 1032 720 1078 quoniam
755 1047 794 1067 ex
831 1035 1031 1077 angelorum
1067 1033 1225 1079 primitiis
1263 1046 1374 1067 sermo

241 1097 359 1131 sumsit
382 1095 571 1135 exordium,
598 1108 679 1139 quas
705 1095 823 1128 offerri
854 1097 896 1129 ab
929 1097 1049 1130 iisdem
1075 1097 1217 1129 humani
1247 1095 1376 1136 generis

243 1157 480 1200 cultoribus²)
504 1156 705 1195 dixeramus,
728 1165 830 1200 atque
846 1158 889 1190 ad
910 1159 1094 1202 Apostolos
1112 1156 1375 1201 sequenti-loco,

242 1230 275 1254 et
296 1221 378 1253 inde
401 1219 445 1252 ad
468 1230 750 1263 unumquemque
781 1219 962 1252 doctorum
995 1219 1131 1252 deducti
1155 1231 1289 1258 sumus,
1322 1231 1375 1251 re-

241 1284 382 1316 deamus
405 1281 449 1314 ad
474 1279 639 1321 originem
665 1292 806 1321 eorum,
841 1292 928 1324 quae
956 1281 1123 1313 discutere
1146 1292 1375 1322 coeperamus.

241 1344 347 1386 Igitur
367 1341 601 1386 unusquisque
638 1342 836 1383 angelorum
867 1341 901 1373 in
934 1341 1226 1374 consummatione
1248 1340 1375 1374 saeculi

241 1403 349 1439 aderit
371 1401 558 1448 injudicio,
584 1403 729 1435 educens
746 1415 801 1435 eos
819 1414 945 1440 secum,
970 1400 1090 1445 quibus
1107 1403 1264 1446 praefuit,
1289 1414 1376 1446 quos

241 1464 388 1511 adjuvit,
420 1477 506 1508 quos
537 1462 707 1502 instruxit,
737 1475 803 1507 pro
836 1462 959 1506 quibus
989 1474 1124 1506 semper
1147 1462 1231 1496 vidit
1252 1462 1374 1497 faciem

240 1526 357 1571 patris,
381 1526 439 1569 qui
461 1524 498 1557 in
523 1525 626 1557 coelis
653 1533 709 1558 est.
756 1524 801 1556 Et
822 1532 908 1568 puto
935 1523 1036 1557 etiam
1059 1524 1107 1557 ihi
1119 1523 1374 1569 inquisitionem

240 1589 401 1626 futuram,
423 1599 496 1618 non
522 1585 660 1630 quidem
691 1598 735 1618 an
760 1587 910 1618 culturae
935 1585 1115 1619 hominum
1147 1587 1284 1628 angelus
1315 1588 1375 1620 de·

240 1648 353 1689 suerit,
375 1648 436 1682 sed
458 1661 502 1680 an
527 1647 680 1680 culturae
704 1649 872 1689 angelicae
894 1660 1111 1692 nequaquam
1138 1648 1240 1690 digne
1261 1648 1371 1689 segni·
1403 1675 1405 1678 .

239 1711 285 1746 tia
308 1712 458 1744 humana
481 1708 704 1753 responderit.
751 1708 874 1752 Erit3)
900 1721 979 1751 ergo
1004 1718 1036 1741 et
1060 1708 1096 1741 in
1123 1709 1190 1742 hoc
1205 1707 1372 1754 judicium

239 1772 319 1813 Dei,
340 1781 457 1805 utrum
481 1770 683 1812 negligentia
707 1770 819 1816 aliqua
843 1769 1078 1804 ministrorum
1100 1770 1292 1815 spirituum,
1315 1770 1374 1816 qui
1388 1784 1402 1798 »·

241 1836 286 1869 ad
307 1833 530 1868 ministerium
553 1841 588 1866 et
610 1831 820 1878 adjutorium
842 1832 934 1865 missi
956 1841 1035 1865 sunt
1056 1841 1200 1877 propter
1223 1845 1291 1873 eos,
1314 1832 1373 1876 qui

334 1986 368 2028 ¹)
395 1984 535 2029 Apocal.
559 1984 651 2023 XIV,
674 1985 704 2017 4.

331 2040 369 2084 ²)
395 2040 483 2072 Edd.
508 2039 648 2072 Merlini
672 2053 872 2085 perperam:
898 2040 1037 2072 culturav

331 2096 369 2138 ³)
393 2096 523 2128 Verba:
547 2095 643 2135 „Erit
673 2109 752 2138 ergo
776 2115 819 2121 —-
844 2095 926 2135 Dei,
960 2104 1073 2127 utrum
1107 2114 1148 2120 —
1180 2094 1370 2146 spirituum,
1408 2117 1413 2127 .

242 2141 299 2187 qui
325 2161 365 2167 -
390 2150 531 2185 propter
557 2154 624 2178 eos,
647 2141 704 2184 qui
730 2161 771 2166 -—·
792 2141 917 2180 salutis,
941 2153 984 2172 an
1007 2152 1147 2181 eorum,
1173 2152 1368 2189 qur—‘vi-

238 2198 292 2220 tae
316 2187 484 2218 humanae
507 2186 741 2229 proveniant‚“
761 2186 796 2218 in
823 2187 918 2219 editis
942 2185 990 2229 (v.
1015 2198 1042 2218 c.
1059 2185 1134 2217 edd.
1153 2184 1223 2226 Μ.)
1247 2195 1367 2217 omlssa

238 2233 440 2308 supplenipr
463 2243 482 2263 e
506 2229 618 2263 Codd.
645 2230 806 2272 sagiensi,
829 2230 1043 2268 Belvacensi‚
1069 2240 1100 2263 et
1122 2228 1229 2262 sancti
1253 2228 1366 2261 Theo-

239 2276 361 2311 dorici.
416 2301 423 2308 .

1417 2234 1427 2315 ³³
