1427 2460
217 82 286 118 33ss
702 79 879 113 Omessms

215 173 371 213 sionnm,
413 183 495 216 quas
519 171 675 203 fecerunt
704 169 767 203 filii
791 169 892 203 Israel
904 195 917 210 ,.
954 178 1011 202 aut
1043 168 1129 203 nihil
1160 170 1357 215 prodesset?

215 233 259 266 Et
283 233 355 278 quis
380 233 502 264 audeat
526 232 656 271 dicere,
698 233 792 276 quod
818 245 874 272 ea,
911 244 998 276 quae
1028 244 1091 277 per
1114 233 1256 265 verbum
1279 232 1356 267 Do—

215 295 298 329 mini
321 294 534 334 scribuntur,
565 292 649 326 nihil
688 292 836 327 utilitatis
871 293 1037 333 habeant,
1070 306 1134 327 nee
1155 293 1269 328 salutis
1294 294 1355 328 ali-

217 356 299 401 quid
316 356 504 395 conferant,
527 356 587 388 sed
611 355 720 388 solam
746 368 818 387 rem
843 364 967 398 gestam
990 365 1140 396 narrent,
1165 369 1252 400 quae
1274 366 1356 401 tunc

217 419 356 463 quidem
380 416 656 461 praeterierit,¹)
689 430 781 449 nunc
813 426 924 449 autem
956 416 1039 449 nihil
1066 419 1109 451 ad
1133 431 1197 451 nos
1222 431 1261 450 ex
1285 417 1356 463 ejus

217 479 381 513 relatione
402 477 600 522 perveniat?
633 477 744 522 Impia
769 479 850 511 haec
875 488 905 511 et
929 478 1036 512 aliena
1061 492 1079 511 a
1104 479 1269 513 catholica
1288 480 1358 513 fide
1399 513 1402 515 Α

217 540 379 575 sententia
405 549 470 578 est,
503 549 536 572 et
559 552 678 573 eorum
703 541 965 581 tantummodo,
1002 540 1060 585 qni
1083 540 1162 583 legis
1188 551 1220 574 et
1243 541 1357 575 Evan-
1384 559 1387 564 2

218 603 383 646 geliorurn
415 611 539 644 negant
568 615 677 634 unum
708 603 819 634 solum
851 603 1036 647 sapientem
1061 615 1130 636 esse
1155 601 1268 636 Deum
1297 616 1358 648 pa-

218 675 303 698 trem
333 662 477 697 Domini
507 663 615 697 nostri
645 664 727 697 Jesu
762 663 896 697 Christi.
957 663 1052 708 Quid
1084 676 1162 706 ergo
1197 664 1288 708 de2)
1317 663 1357 698 iis

218 726 452 759 mansionibus
475 725 586 758 fidelis
610 725 732 759 sentire
762 727 883 759 debeat
914 726 1122 766 intellectus,
1154 725 1359 766 summatim,
1398 733 1403 738 ’

217 797 323 834 prout
356 796 490 832 tempus
522 787 664 832 patitur,
707 798 913 832 pertractare
948 797 1126 821 tentemus.
1192 787 1360 833 Superior

220 849 421 894 disputatio,
451 861 527 881 cum
551 848 653 883 nobis
680 850 891 883 occasionem
918 849 1053 883 dicendi
1079 851 1121 883 de
1144 850 1359 895 profectione

219 912 369 945 filiorum
393 910 498 943 Israel
521 924 559 943 ex
586 911 736 958 Aegypto
761 912 980 956 praebuisset,
1008 911 1190 957 dupliciter
1214 911 1358 944 diximus

220 974 326 1007 videri
349 985 448 1017 posse
471 971 689 1016 spiritualiter
714 973 800 1006 exire
824 986 1105 1018 unumquemque
1129 974 1171 1005 de
1184 974 1360 1020 Aegypto:

220 1037 272 1069 vel
303 1048 381 1068 cum
412 1033 640 1078 relinquentes
673 1033 843 1067 Gentilem
879 1035 981 1067 vitam
1007 1036 1050 1068 ad
1075 1034 1283 1077 agnitionem
1309 1034 1361 1067 di-

221 1097 317 1131 vinae
341 1095 420 1138 legis
445 1095 655 1135 accedimus,
690 1097 742 1129 vel
775 1110 852 1129 cum
877 1095 988 1130 anima
1013 1097 1056 1129 de
1081 1096 1236 1141 corporis
1260 1094 1360 1142 hujus

222 1157 431 1192 habitatione
454 1156 606 1190 discedit.
652 1158 708 1189 Ad
731 1167 915 1202 utrumque
944 1169 1024 1199 ergo
1055 1157 1136 1191 istae
1158 1157 1362 1203 mansiones,

222 1234 303 1266 quas
333 1233 425 1252 nunc
455 1232 517 1264 per
547 1219 689 1252 verbum
715 1219 860 1252 Domini
890 1218 1006 1252 Moses
1038 1218 1215 1260 describit,
1248 1218 1362 1264 adspi-

223 1283 325 1316 ciunt.
372 1281 462 1315 Nam
487 1282 530 1314 de
553 1281 619 1314 illis
644 1281 781 1326 quidem
805 1280 1051 1328 mansi-onibus,
1077 1294 1158 1326 quas
1182 1280 1362 1325 animae3)

223 1356 371 1388 corpore
396 1352 530 1383 exutae,
562 1342 670 1376 immo
702 1356 848 1388 corpore
876 1357 938 1376 suo
963 1357 1078 1376 rursus
1101 1342 1241 1376 indutae
1264 1341 1362 1375 habi-

220 1416 318 1439 turae
341 1413 436 1445 sunt,
467 1404 641 1438 Dominus
664 1405 898 1450 pronuntiavit
928 1406 963 1438 in
987 1404 1191 1446 Evangelio,
1229 1403 1360 1437 dicens:

222 1467 368 1508 „multae
381 1465 418 1511 ⁴)
442 1466 637 1500 mansiones
660 1476 737 1500 sunt
756 1467 849 1511 apud
872 1476 1004 1511 patrem
1019 1479 1145 1500 meum.
1195 1464 1361 1510 Alioquin

224 1530 371 1563 dicerem
416 1526 531 1561 vobis:
577 1528 664 1561 vado
707 1537 739 1561 et
775 1540 944 1573 praeparo
982 1528 1079 1562 vobis
1116 1527 1362 1563 mansionem.“

223 1589 359 1634 Sunt⁵)
385 1602 463 1631 ergo
487 1590 614 1623 multae
637 1590 716 1623 illae
739 1590 941 1631 mansiones,
965 1603 1053 1635 quae
1076 1582 1126 1622 ad*
1141 1598 1274 1634 patrem
1295 1589 1360 1623 du-

318 1719 353 1761 1)
376 1718 463 1751 Edd.
489 1717 646 1752 Merlini:
673 1718 931 1763 praeterierunt.

315 1774 352 1818 ²)
376 1774 466 1807 Edd.
491 1774 646 1818 Mgerlini:
673 1788 711 1808 ex
734 1775 784 1809 iis.

316 1831 353 1874 ³)
380 1830 466 1863 Cod.
497 1830 603 1863 sancti
637 1830 865 1865 Theoderici:
896 1832 1036 1872 „anima
1074 1843 1218 1877 corpore
1253 1839 1360 1871 exuta,

227 1878 333 1909 immo
360 1888 506 1919 corpore
528 1890 589 1909 suo
615 1889 730 1910 rursus
754 1877 874 1911 induta
898 1877 1054 1911 habitura
1079 1881 1156 1911 est.“
1200 1877 1242 1910 R.

315 1932 351 1976 4)
376 1931 438 1965 Ev.
459 1931 584 1965 Joann.
608 1931 709 1973 XIV,
732 1934 762 1967 2.

317 1988 352 2032 ⁵)
376 1989 510 2021 Desunt
534 1989 654 2023 vterba
679 1989 795 2029 „Sunt
814 2000 893 2030 ergo
918 1989 1045 2022 multae
1057 1988 1135 2022 illae
1147 1987 1361 2022 mansiones“

227 2043 290 2067 etc.
301 2058 309 2072 ,
340 2045 449 2077 usque
474 2034 516 2065 ad
548 2032 608 2066 ista
634 2036 751 2068 verba:
784 2034 883 2075 „Sed
911 2047 976 2068 nos
998 2046 1088 2079 pene
1109 2033 1362 2087 immemores,“

224 2078 261 2112 in
285 2078 378 2111 libris
403 2086 500 2111 antea
526 2078 622 2112 editis
654 2081 700 2124 (e
726 2093 754 2114 c.
780 2080 858 2116 edd.
881 2079 968 2123 M),
1003 2088 1037 2112 at
1069 2080 1291 2113 restituuntur
1321 2090 1360 2111 ex

225 2124 384 2156 omnibus
407 2123 488 2156 Mss.
534 2123 629 2156 Libri
654 2125 735 2158 editi
758 2125 812 2176 (νζ
830 2137 858 2157 c.
884 2126 959 2158 edd.
974 2123 1044 2168 M.)
1066 2133 1197 2158 tantum
1217 2124 1362 2156 habent:

223 2168 335 2207 „Sunt
360 2180 438 2208 ergo
463 2167 532 2201 illic
555 2170 682 2202 multae
704 2169 908 2209 mansiones,
930 2169 966 2202 in
990 2170 1112 2214 quibus
1137 2178 1216 2214 post
1236 2167 1361 2202 saeculi

226 2212 326 2264 hujus
351 2225 546 2253 aerumnas,
580 2223 612 2246 et
637 2216 835 2268 Aegyptiam
859 2214 1053 2248 servitutem
1084 2214 1203 2248 fideles
1227 2214 1360 2247 animae

225 2257 445 2302 requiescant.
493 2257 561 2292 Sed
587 2272 650 2293 nos
674 2273 763 2304 pene
785 2261 1026 2294 immemores“
1050 2268 1110 2293 etc.
1155 2259 1197 2293 R.
