1427 2460
196 61 262 96 182
676 58 853 93 Omemns

284 150 316 184 2.
341 148 451 193 „Et¹)
476 149 673 188 adsumens,
696 149 822 194 inquit,
846 149 1050 194 parabolam
1075 161 1188 188 suam,
1213 149 1326 183 dixit.⁴‘

197 213 262 245 Per
286 211 487 257 parabolam
513 222 591 251 ergo
617 209 699 244 dicit
721 210 881 243 Balaam:
919 209 1091 255 „surge²)
1114 210 1262 250 Balach,
1297 220 1330 244 et

198 273 288 312 audi,
313 272 452 305 auribus
475 271 615 317 percipe
637 273 727 306 testis
751 273 799 306 fili
824 272 973 317 Sephor.
1011 273 1091 305 Non
1114 273 1200 305 sicut
1222 273 1330 305 homo

197 336 291 368 Deus
316 335 512 372 frustratur,
536 346 650 378 neque
672 333 757 366 sicut
780 334 869 367 filius
893 334 1041 368 hominis
1064 343 1220 367 terretur.
1256 333 1332 378 lpse

198 410 276 430 cum
301 395 437 435 dixerit,
467 408 540 428 non
562 394 684 428 faciet?
713 395 891 439 loquetur,
929 406 961 429 et
992 409 1064 429 non
1088 394 1331 440 permanebit?

200 459 307 499 Ecce,
344 460 388 492 ad
412 456 685 490 benedicendum
713 458 886 491 adsumtus
909 471 1002 491 sum:
1038 458 1258 497 benedicam,
1302 465 1336 490 et

198 534 270 553 non
297 529 444 553 avertam
470 532 554 564 earu.
609 519 690 552 Non
716 519 778 552 erit
801 520 902 552 labor
925 519 960 552 in
985 520 1116 561 Jacob,
1150 532 1264 564 neque
1287 518 1334 552 vi-

201 583 337 616 debitur
368 582 472 615 dolor
501 580 537 613 in
568 579 681 616 Israel.
726 580 901 614 Dominus
926 581 1020 614 Deus
1043 595 1123 614 suus
1147 594 1225 613 cum
1249 579 1336 624 ipso,

200 644 374 688 praeclara
404 642 600 688 principum
633 656 711 676 cum
734 642 810 688 ipso
836 652 923 676 sunt.
982 642 1094 682 Deus,
1132 641 1191 687 qui
1222 641 1337 675 eduxit

201 718 279 738 eum
304 717 342 737 ex
365 705 538 750 Aegypto,
569 704 657 737 sicut
679 704 786 746 gloria
811 704 986 738 unicornis
1012 703 1093 749 ejus.
1140 705 1221 737 Non
1246 703 1337 737 enim

202 765 264 799 crit
298 765 474 807 auguratio
505 765 541 798 in
572 765 705 806 Jacob,
741 779 854 811 neque
878 765 1040 799 divinatio
1072 765 1107 798 in
1131 766 1256 800 Israel:
1301 765 1337 798 in
1377 760 1379 762 ¹

202 836 358 872 tempore
382 827 512 860 dicetur
550 828 662 860 Jacob
696 837 729 861 et
760 828 884 867 Israel,
922 827 1006 872 quid
1041 827 1197 872 perficiet
1230 829 1336 861 Deus.

201 888 309 927 Ecce,
347 890 497 934 populus
520 888 606 923 sicut
630 891 760 922 catulus
785 889 895 922 leonis
921 898 1089 930 exsurget,
1113 897 1147 921 et
1171 889 1259 921 sicut
1281 889 1337 921 leo

203 951 396 984 exsultabit:
433 964 507 984 non
539 950 705 990 dormiet,
744 951 856 983 donec
887 950 1046 982 comedat
1087 951 1270 994 praedam,
1307 959 1339 983 et

201 1012 400 1054 sanguinem
423 1013 677 1046 vulneratorum
703 1012 830 1045 bibat.“
863 1012 958 1044 Haec
984 1021 1030 1044 est
1055 1012 1264 1045 continentia
1286 1024 1338 1045 se-

203 1074 336 1106 cundae
357 1074 558 1118 prophetiae
582 1074 617 1106 in
641 1074 751 1107 verbis
775 1074 926 1106 Balaam.
975 1073 1158 1106 Videamus
1173 1087 1252 1116 ergo
1263 1072 1340 1118 ”pri-

200 1147 260 1167 mo
286 1135 353 1167 hoc
377 1134 508 1179 ipsum,
541 1137 636 1180 quod
662 1135 725 1169 ait:
759 1134 970 1180 ‚,exsurge3)
992 1134 1142 1176 Balach,
1168 1144 1201 1168 et
1224 1134 1340 1168 audj.“

203 1195 241 1229 Si
278 1196 370 1229 enim
402 1197 437 1229 in
468 1195 704 1240 superioribus
736 1210 808 1230 non
835 1196 984 1236 dixisset,
1019 1196 1098 1241 quia
1121 1205 1224 1230 staret
1246 1194 1340 1242 juxta

202 1258 440 1291 holocaustum
469 1270 592 1297 suum,
627 1271 700 1291 non
730 1257 901 1292 videretur
923 1271 1132 1303 magnopere
1163 1257 1340 1302 requiren-
1377 1271 1407 1297 ,ἱ

204 1321 297 1359 dum,
334 1333 395 1353 cur
416 1319 552 1353 dixerit:
587 1332 746 1361 „exsurge
768 1320 932 1354 Balach.“
1002 1320 1101 1352 Nune
1125 1328 1238 1352 autem
1263 1331 1342 1351 cum

204 1381 359 1414 hortetur
382 1394 557 1423 exsurgere
582 1394 677 1420 eum,
715 1395 815 1426 quem
840 1395 953 1426 nuper
977 1381 1107 1414 dixerat
1129 1389 1237 1420 stare,
1266 1392 1341 1412 non

204 1441 300 1487 est4)
333 1443 440 1477 otiose
481 1443 752 1487 praetereundus
793 1456 906 1476 sermo
938 1442 1172 1488 propheticus.
1233 1440 1342 1484 Quod
1393 1435 1427 1453 ‘³

207 1516 286 1546 ergo
311 1505 358 1538 ait
379 1504 414 1536 in
432 1504 676 1549 superioribus,
703 1506 781 1549 quia
799 1514 899 1538 staret
916 1506 958 1537 ad
974 1504 1215 1538 holocaustum
1231 1516 1341 1542 suum,

205 1564 357 1607 designat
381 1579 458 1599 eum
484 1579 558 1598 non
582 1575 671 1600 recte
694 1575 792 1600 stare.
841 1567 962 1600 Stabat
985 1566 1075 1599 enim
1094 1565 1130 1598 in
1144 1565 1342 1599 idololatria

206 1627 354 1671 positus,
385 1637 416 1661 et
439 1629 547 1661 stabat
577 1627 673 1673 quasi
704 1628 862 1661 inimicus
886 1628 970 1668 Dei,
1012 1629 1107 1671 quod
1131 1627 1236 1670 magis
1260 1635 1344 1660 esset
1393 1655 1395 1659 ,

206 1703 278 1721 non
301 1698 405 1729 stare,
441 1691 499 1722 sed
526 1691 656 1723 cadere.
704 1689 810 1732 Quasi
836 1703 914 1732 ergo
941 1690 999 1735 qui
1025 1689 1150 1725 derillo
1175 1698 1262 1722 statu
1287 1701 1342 1721 ca-

208 1751 289 1783 dere
315 1751 490 1790 debuerit,
526 1753 596 1784 imo
624 1762 655 1785 et
680 1753 738 1796 qui
762 1751 939 1799 ceciderit,
974 1752 1019 1785 ita
1053 1765 1146 1785 nunc
1168 1751 1342 1784 intellectu

208 1812 412 1857 prophetico
449 1826 625 1855 exsurgere
664 1827 743 1847 eum
780 1813 894 1859 jubet:
929 1813 1057 1859 quippe
1088 1814 1147 1858 qui
1178 1826 1242 1858 per
1264 1813 1342 1852 hoc,

209 1875 303 1917 quod
329 1884 416 1908 stare
441 1875 477 1908 in
501 1875 697 1909 idololatria
721 1875 810 1909 visus
834 1877 958 1914 fuerat,
985 1874 1165 1908 cecidisset.
1211 1875 1341 1907 Exsur-

208 1945 262 1976 gat
287 1949 365 1979 ergo
386 1937 444 1981 qui
469 1936 542 1970 talis
568 1946 624 1976 est,
649 1937 846 1980 exsurgat5)
871 1936 1004 1976 animo,
1030 1945 1181 1979 exsurgat
1201 1936 1286 1976 fide,
1310 1945 1342 1969 et

300 2074 336 2117 ¹)
360 2075 460 2108 Num.
486 2076 616 2116 XXIII,
640 2077 693 2111 18.
789 2077 826 2120 ²)
851 2077 951 2110 Num.
977 2076 1104 2117 XXIII,
1128 2077 1286 2112 182-24.

301 2130 338 2170 ³)
362 2131 464 2164 Num.
487 2131 618 2172 XXIII,
645 2134 698 2167 18.

299 2185 333 2225 ⁴)
360 2186 580 2220 Desideratur
603 2193 693 2228 „est“
717 2189 751 2220 in
778 2190 830 2221 cd.
856 2189 973 2223 Ruaei.

300 2242 335 2283 ³)
360 2242 490 2276 Desunt
515 2244 633 2278 verba:
657 2255 828 2287 „exsurgat
851 2244 998 2284 animo“,
1020 2244 1055 2277 in
1081 2246 1133 2278 ed.
1160 2244 1274 2278 Ruaei.
