1427 2460
350 83 387 105 rx
411 73 586 105 Nummos
611 70 771 103 ΗοΜιιῐΛ
800 69 891 103 xlv.
1126 71 1192 106 165

66 163 160 195 audit
181 164 332 195 secundo
358 175 374 194 a
402 160 502 194 Deo?
547 158 653 203 ‚‚Si¹)
683 172 804 192 vocare
827 160 920 202 te‚²)
943 159 1071 204 inquit,
1094 172 1193 192 vene-

66 233 145 256 runt
167 223 321 256 homines
344 222 414 262 isti,
447 235 569 264 surge‚·
597 231 628 254 et
652 221 734 254 vade
759 233 836 254 cum
861 219 933 253 iis.“
978 220 1016 253 In
1042 234 1111 266 quo
1135 234 1195 254 vo-

64 284 185 317 luntati
210 284 344 328 quidem
371 282 562 327 cupiditatis
586 281 655 327 rjus
679 281 767 316 cedit
789 281 901 321 Deus,
922 290 961 314 ut
984 281 1196 327 compleatur

64 345 166 384 illud,
191 345 285 389 quod
307 343 467 389 scriptam
500 353 564 378 est:
596 343 791 388 „dimisit-³)
823 356 881 376 eos
913 341 947 375 in
961 339 998 386 ⁴)
1028 341 1194 375 desideria

65 405 177 439 cordis
207 418 345 444 eorum,
379 404 479 438 ibunt
510 405 545 438 in
577 404 807 438 volunta-tibus
837 401 950 437 suis:“
985 404 1046 436 sed
1078 412 1193 436 tamen

63 465 239 500 consilium
271 465 404 500 divinae
435 465 698 511 dLrpeusafionis»v
723 467 883 511 expletur.
938 463 1074 497 Dicitur
1104 462 1193 496 enim

63 528 105 560 ad
130 528 714 573 eum:*„verbu1n‚⁵)quodcunque
737 528 865 560 dedero
889 525 925 559 in
950 538 1010 574 ore
1033 534 1103 564 tuo,
1127 524 1194 558 hoc

63 590 244 634 loqueris.“
292 590 327 622 Si
352 590 471 632 dignus
495 590 607 623 fuisset
630 588 788 628 Balaam,
811 589 952 620 verbum
976 599 1074 620 suum
1090 586 1195 625 ¹Deus

63 664 133 684 non
164 651 200 683 in
234 665 292 684 ore
318 650 410 697 ejus,
443 652 501 684 sed
532 650 566 682 in
593 651 696 683 corde
720 649 896 695 posuisset.
956 649 1055 681 Nunc
1080 656 1192 681 autem

63 712 225 756 quoniam
249 713 282 745 in
309 713 413 745 corde
437 710 508 757 ejus
531 711 734 745 desiderium
756 710 921 744 mercedis
944 708 1024 748 erat,
1046 718 1076 741 et
1099 707 1194 753 cupi-

62 773 145 807 ditas
169 774 350 818 pecnniae,
390 774 529 805 verbum
556 773 621 805 Dei
656 785 728 805 non
760 772 794 805 in
826 773 948 810 corde,
985 771 1044 803 sed
1075 769 1110 801 in
1135 782 1196 802 ore

63 834 134 880 ejus
165 833 314 879 ponitur.
368 835 540 876 Agebatur
570 834 660 866 enim
689 833 775 866 mira
807 842 839 866 et
869 844 989 874 magna
1021 831 1194 876 dispensa-

61 896 162 936 tione,
186 905 234 935 ut,
257 896 418 940 quoniam
443 895 690 940 prophetarum
714 894 832 934 verba,
863 906 950 938 qnae
973 893 1058 926 intra
1083 892 1195 926 aulam

62 957 325 1003 conginebantur
345 957 580 995 Israeliricam,
612 957 655 989 ad
686 965 798 998 gentes
827 954 1004 1000 pervenire
1035 967 1107 987 nou
1130 967 1195 998 po—

62 1015 181 1058 terant,
204 1031 267 1063 per
289 1017 449 1057 Balaam,
474 1017 526 1050 cui
550 1017 634 1050 fides
659 1018 701 1050 ab
725 1017 885 1050 universis
913 1015 1066 1059 gentibus
1089 1015 1193 1048 habe-

62 1081 181 1119 batur,
208 1080 461 1113 innotescerent
492 1078 591 1111 etiam
621 1079 816 1112 nationibus
845 1070 972 1111 secreta
996 1078 1039 1110 de
1059 1076 1194 1109 Christo

63 1140 229 1187 mysteria,
254 1149 285 1172 et
306 1140 501 1172 thesaurum
526 1152 687 1181 magnum
711 1141 880 1184 proferret
903 1140 949 1172 ad·
969 1147 1100 1180 gentes,
1122 1151 1193 1171 non

62 1212 130 1235 tam
166 1202 270 1234 corde
312 1209 342 1232 et
375 1213 492 1239 sensu,
529 1213 631 1244 quam
665 1214 724 1233 ore
757 1209 790 1233 et
819 1213 977 1233 sermone
1007 1208 1193 1244 portatum.

63 1263 132 1296 Sed
155 1275 198 1295 ne
220 1275 282 1306 per
311 1261 440 1303 singula
470 1261 712 1294 immoremur:
745 1282 786 1287 --
816 1275 889 1294 nnn
921 1260 1010 1293 enim
1034 1260 1196 1305 temporis

64 1333 112 1357 est
143 1334 261 1356 cuncta
294 1322 443 1355 dissolvi:
475 1342 516 1347 —
552 1324 710 1356 adscensa
742 1322 831 1355 asina
863 1336 922 1355 sua
952 1321 1093 1354 Balaam
1125 1321 1196 1354 ibat

62 1397 125 1430 per
145 1384 248 1425 viam3
272 1383 420 1416 occurrit
444 1383 473 1415 ei
497 1384 649 1425 angelus,
664 1384 730 1416 ille
752 1383 824 1416 sine
848 1383 974 1422 dubio,
998 1382 1055 1426 qui
1080 1382 1196 1414 aderat

63 1445 139 1479 filiis
165 1445 277 1479 Israel.
325 1445 444 1489 Aperit
467 1458 505 1477 os
530 1444 658 1484 asinae,
689 1453 727 1476 ut
757 1453 915 1487 arguatur
944 1457 1007 1489 per
1030 1457 1103 1476 earn
1128 1443 1192 1476 Ba-

62 1509 170 1547 laam,
202 1516 234 1540 et
255 1516 369 1539 mutae
381 1506 417 1550 ⁶)
441 1506 581 1551 pecudis
603 1506 743 1539 vocibus
769 1507 962 1539 confutetur
985 1506 1029 1545 is,
1062 1505 1120 1549 qui
1144 1504 1195 1538 di-

64 1570 159 1602 vinus
182 1569 359 1602 videbatur
384 1576 416 1601 et
438 1567 578 1612 sapiens.

152 1632 184 1664 4.
206 1631 336 1663 Verum
366 1624 446 1674 post
477 1630 560 1662 haec
593 1628 795 1662 conveniens
818 1627 885 1674 jam
910 1628 1058 1669 videtur,
1083 1628 1196 1672 aliqua

67 1691 166 1724 etiam
190 1692 232 1724 de
258 1690 415 1733 allegoria
440 1691 643 1733 contingere.
689 1689 829 1722 Balaam
855 1689 919 1730 hic,
948 1690 1005 1735 qui
1028 1689 1194 1734 interpre-

65 1762 154 1786 tatur
176 1753 325 1797 populus
348 1765 470 1792 vanus,
501 1751 634 1785 videtur
656 1752 741 1784 mihi
763 1765 944 1797 personam
968 1753 1093 1784 habere
1116 1752 1196 1784 scri—

67 1815 188 1847 barum
215 1824 247 1847 et
263 1813 522 1847 Pharisaeorum
543 1813 679 1846 Judaici
701 1814 833 1858 populi.
871 1813 998 1846 Balach
1023 1826 1114 1853 vero,
1139 1813 1196 1857 qui

162 1943 196 1986 ¹)
220 1942 322 1974 Num.
347 1941 459 1980 XXII,
482 1943 536 1975 20.

157 1997 194 2041 ²)
218 1997 323 2030 Deest
345 2001 420 2038 ‚,te“
441 1996 476 2029 in
503 1997 553 2030 ed.
578 1997 694 2030 Ruaei.

159 2053 196 2096 ³)
223 2052 292 2085 Cfr.
316 2052 441 2085 Psalm.
466 2052 627 2093 LXXXI,
652 2054 704 2087 12.

161 2107 197 2153 ⁴)
223 2107 279 2141 Sic
310 2119 400 2140 recte
430 2108 532 2140 habet
566 2108 653 2141 Cod.
684 2109 789 2142 sancti
823 2109 1045 2143 Theoderici.
1106 2110 1197 2144 Alias

68 2155 115 2198 (v.
141 2168 167 2186 c.
192 2153 226 2186 in
253 2153 329 2186 edd.
355 2153 440 2195 Μ.);
465 2153 520 2192 „in
545 2153 714 2187 desiderio
741 2155 852 2188 cordis
871 2168 1010 2195 eorum,
1041 2155 1139 2189 ibunt
1161 2155 1196 2188 in

68 2197 297 2243 voluptatibus
321 2198 421 2231 suis.“
443 2198 484 2230 R.

163 2254 198 2297 ⁵)
222 2253 322 2287 Num.
347 2253 459 2292 XXII,
480 2254 534 2288 20.
629 2254 667 2299 ἦ)
689 2254 755 2288 Ed.
779 2254 906 2288 Ruaei:
929 2255 1024 2290 muti.
