1427 2460
206 87 251 123 48
680 88 858 123 Omemws

294 178 326 214 3.
352 178 422 213 Sed
444 177 616 212 videamus
639 178 721 223 quid
745 188 811 219 est,
842 177 937 223 quod
970 176 1016 210 ait
1038 176 1074 210 in
1099 176 1336 221 consequenti—

204 242 280 274 bus.
311 240 377 283 ‚‚Et
391 239 425 283 ¹)
442 239 615 284 requievit,
637 239 758 283 inquit,
780 252 882 284 super
901 252 956 273 eos
976 238 1122 284 spiritus,
1138 247 1171 270 et
1183 237 1335 283 prophe-

204 311 321 335 tarunt
345 305 495 335 omnes.“
539 301 766 346 Requiescere
789 301 944 346 spiritum
973 314 1045 334 non
1068 300 1105 333 in
1129 299 1336 344 quibuscun-

205 376 273 408 que
303 362 500 396 hominibus
531 362 689 403 legimus,
725 364 785 395 sed
816 363 853 395 in
882 362 1003 395 sanctis
1035 371 1067 395 et:
1095 361 1210 394 beatis.
1265 361 1335 394 Re-

207 425 349 469 quiescit
373 425 461 457 enim
485 424 618 469 spiritus
642 423 710 456 Dei
732 423 769 456 in
792 424 847 464 iis,
883 423 941 468 qui
964 425 1095 457 mundo
1119 432 1197 456 sunt
1221 423 1335 463 corde,

205 496 240 519 et
267 487 303 519 in
326 486 384 527 iis,
418 487 476 531 qui
507 486 688 531 purificant
720 486 848 519 animas
870 499 944 518 suas
970 498 988 517 a
1017 493 1176 528 peccato:
1208 484 1293 517 sicut
1318 496 1336 516 e

207 547 379 581 contrario
404 561 474 581 non
490 547 654 581 inhabitat
670 547 705 580 in
721 559 866 591 corpore
883 546 1018 579 subdito
1033 546 1189 591 peccatis,
1209 545 1335 579 etiamsi

204 609 367 642 habitavit
389 609 572 654 aliquando
597 611 634 643 in
659 622 721 652 eo..
756 610 837 642 Non
859 608 947 641 enim
963 617 1074 653 potest
1092 608 1235 652 Spiritus
1257 621 1335 640 san-

207 681 277 704 ctus
303 670 510 704 consortium
536 671 605 715 pati
630 680 662 704 et
685 671 880 704 societatem
905 670 1039 715 spiritus
1063 669 1156 707 mali,
1193 669 1334 702 Certum

206 742 254 766 est
268 733 369 773 enim,
380 732 509 777 peccati
522 741 675 777 ternpore
691 734 805 766 adesse
821 732 855 765 in
869 733 973 765 corde
990 729 1254 776 uniuscujusque
1265 729 1333 775 spi-

206 795 308 828 ritum
327 795 467 834 malum,
492 803 523 827 et
546 806 642 835 agere
666 804 778 839 partes
793 807 877 828 suas.
911 793 975 827 Cui
998 792 1115 836 utIque
1139 805 1216 824 cum
1239 793 1334 824 locus

205 858 315 896 datur,
339 865 371 890 et
392 855 554 900 recipitur
578 868 596 889 a
618 855 718 890 nobis
737 869 799 901 pcr
822 855 1039 897 cogitationes
1059 855 1175 896 malas,
1199 863 1231 886 et
1250 866 1335 886 con-

205 917 424 963 cupiscentias
445 918 615 960 pessimas,
640 918 861 958 contristatus,
885 927 926 957 et,
950 926 986 950 ut
1008 916 1054 949 ita
1079 915 1200 956 dicam,
1231 927 1336 948 coan-

205 989 353 1021 gustatus
375 980 510 1021 sugatur
533 980 576 1012 de
598 980 698 1013 nobis
723 979 867 1024 Spiritus
888 988 1031 1013 sanctus.
1067 977 1214 1021 Propter
1241 976 1336 1020 quod

205 1051 238 1074 et
260 1042 445 1086 Apostolus
476 1041 582 1074 sciens
612 1042 696 1075 haec
730 1043 776 1075 ita
808 1041 977 1080 accidere,
1010 1040 1174 1073 monebat
1204 1037 1336 1070 dicens:

203 1103 379 1148 ‚‚nolite²)
416 1103 611 1136 contristare
645 1103 808 1147 Spiritum
841 1112 1010 1142 sanctum,
1045 1101 1082 1135 in
1115 1112 1183 1144 quo
1218 1096 1336 1140 signati

206 1164 281 1198 estis
304 1164 340 1197 in
365 1165 419 1197 die
450 1165 702 1197 redemtionis.“
753 1165 858 1207 Igitur
887 1172 1067 1208 peccantes
1098 1159 1335 1194 contristamus

205 1225 372 1271 Spiritum
389 1235 556 1259 sanctum:
579 1225 667 1272 juste
683 1240 762 1259 vero
784 1236 926 1268 agentes,
942 1234 974 1258 et
990 1233 1114 1263 sancte,
1134 1222 1285 1267 requiem
1306 1219 1336 1254 ei

203 1301 364 1333 paramus
386 1287 422 1320 in
441 1288 551 1321 nobis.
582 1287 685 1321 Unde
709 1298 740 1321 et
764 1289 859 1332 quod
882 1301 975 1320 nunc
999 1286 1043 1319 ait
1062 1287 1104 1319 de
1127 1283 1338 1329 septuaginta

203 1348 424 1394 presbyteris,
464 1349 543 1392 quia
575 1349 737 1393 requievit
768 1348 866 1381 iniis
889 1348 1044 1393 spiritus,
1078 1347 1216 1380 laudem
1250 1344 1337 1376 vitae

205 1423 327 1443 eorum
355 1419 388 1442 et
418 1409 556 1443 virtutes
592 1410 755 1455 exposuit.
810 1409 970 1454 Denique
1000 1409 1078 1453 quia
1103 1407 1216 1452 pro-³)
1241 1405 1336 1450 puri-

203 1481 272 1505 tate
296 1471 408 1504 cordis
432 1483 552 1506 eorum
585 1481 618 1504 et
639 1472 830 1505 sinceritate
853 1472 991 1510 mentis,
1027 1480 1126 1514 atque
1148 1467 1336 1508 intelligen-

203 1533 268 1566 tiae
293 1532 476 1578 capacitate
500 1532 663 1577 requievit
679 1533 823 1577 Spiritus
837 1542 982 1572 sanctus‚
1008 1532 1172 1564 continuo
1199 1538 1230 1562 et
1251 1541 1336 1572 ope-

203 1604 298 1628 ratur
319 1594 355 1626 in
379 1594 438 1634 iis,
459 1608 523 1628 nec
548 1594 653 1627 otium
679 1595 822 1638 patitur,
845 1594 905 1627 ubi
931 1593 1097 1638 operandi
1121 1590 1259 1625 materia
1284 1590 1336 1623 di-

204 1669 270 1698 gna
294 1655 495 1700 suppeditat.
549 1656 606 1689 Ait
637 1657 727 1689 enim
761 1655 953 1700 Scriptura:
987 1654 1087 1698 „et⁴)
1112 1652 1276 1697 requievit
1297 1651 1334 1684 in

203 1718 241 1752 iis
273 1718 425 1763 spiritus,
457 1717 836 1767 et·prophetave1·unt.“
903 1717 943 1749 In
975 1716 1133 1749 omnibus
1165 1726 1243 1755 ergo
1277 1711 1336 1756 qui

202 1781 510 1826 prophetaverunt,
540 1777 702 1823 requievit
725 1777 871 1822 Spiritus
894 1787 1045 1817 sanctus,
1077 1789 1141 1808 nec
1165 1785 1276 1808 tamen
1299 1772 1335 1806 in

204 1842 319 1886 aliquo
344 1841 498 1886 ipsorum
521 1840 567 1873 ita
591 1839 764 1885 requievit,
787 1841 874 1873 sicut
896 1840 931 1872 in
956 1839 1142 1872 Salvatore.
1188 1836 1336 1880 Propter

206 1905 301 1948 quod
324 1912 357 1936 et
379 1902 543 1947 scriptum
569 1911 616 1934 est
641 1903 684 1934 de
709 1914 768 1943 co,
804 1901 882 1946 quia
907 1900 1077 1944 ‚,exibit⁵)
1102 1898 1190 1940 virga
1216 1898 1258 1929 de
1281 1910 1335 1930 ra-

205 1965 279 1998 dice
303 1965 404 2004 Jesse‚
430 1973 460 1996 et
483 1964 547 1996 ssos
572 1964 615 1996 de
638 1962 751 1996 radice
775 1962 844 2008 ejus
869 1963 1066 2002 adscendet,
1097 1969 1129 1994 et
1151 1959 1335 2003 requiescet

206 2039 306 2070 super
331 2039 407 2058 eum
431 2024 565 2069 spiritus
600 2025 675 2065 Dei,
697 2023 833 2070 spiritus
862 2023 1045 2069 sapientiae
1077 2030 1108 2055 et
1135 2020 1334 2061 intellectus,

298 2165 334 2206 ¹)
357 2165 458 2196 Num.
482 2164 541 2204 XI,
565 2165 617 2198 25.
711 2164 748 2210 ²)
773 2164 896 2209 Ephes.
921 2163 978 2203 IV,
1001 2164 1055 2198 30-

296 2220 334 2263 3)
358 2220 461 2252 Deest
482 2224 589 2263 „pro⁴‘
612 2220 648 2252 in
673 2221 750 2254 cdd.
774 2222 823 2253 M.

296 2274 334 2320 ἃ)
358 2276 457 2309 Num.
482 2276 542 2315 ΧΙ,
566 2277 619 2310 25.
717 2277 752 2321 ⁵)
776 2276 874 2310 Jesai.
899 2275 959 2316 XI,
985 2278 1013 2311 1.
1036 2276 1067 2309 2·
1090 2275 1122 2308 3.
