1427 2460
361 66 395 89 m
420 57 596 90 Nummos
619 54 779 87 ΗοΜιιῐΑ
795 54 888 87 XIV.
1120 56 1183 90 161

67 145 258 191 Aegyptios,
281 157 393 189 neque
417 144 550 178 virtutes
578 144 671 183 illae,
702 157 783 188 quas
807 144 885 177 fecit
908 144 1001 177 Deus
1025 158 1088 189 per
1111 144 1192 178 Μο-

66 218 123 238 sen
150 216 178 239 et
204 209 331 241 Aaron.
385 206 495 238 Nemo
520 207 662 238 rubrum
686 218 780 238 mare
802 205 896 238 siccis
919 205 1059 248 vestigiis
1082 206 1190 239 inces-
1234 222 1241 233 ι

65 268 166 300 sisset.
213 267 334 299 Cibum
349 259 493 299 mannae
506 266 657 299 mortalis
670 267 733 300 vita
747 267 912 301 nescisset.
961 268 1060 300 Nulla
1075 268 1116 300 de
1140 280 1192 300 se-

55 315 182 372 ·quenti
204 337 298 372 petra
330 340 494 372 aquarum
525 329 650 361 fluenta
679 330 921 374 prorupissent.
975 329 1042 361 Lex
1069 341 1088 361 a
1112 328 1190 361 Deo

67 389 261 422 hominihus
290 389 365 422 data
397 402 469 422 non
499 389 623 423 fuisset.
683 390 781 433 Quae
800 390 850 422 ·in
875 390 1007 429 Exodo,
1038 403 1123 434 quae
1155 390 1189 422 in

65 450 229 490 Levitico,
252 451 288 484 in
312 451 468 483 Numeris
493 451 610 491 etiam,
635 461 667 484 et
690 452 963 485 Deuteronomio
988 444 1193 494 reseruntur,

63 512 107 544 ad
133 511 273 544 humani
303 513 430 553 generis
459 512 630 546 scientiam
661 526 733 546 non
765 513 937 547 venissent.
992 514 1192 548 Haeredita-

63 582 132 607 tem
164 584 252 606 certe
281 584 474 619 paternam,
506 583 537 606 et
559 583 682 608 terram
708 575 976 619 repromissionis
1001 577 1114 609 nullus
1137 576 1189 609 in-

64 644 188 668 trasset.
234 636 280 668 Et
304 645 340 668 ut
364 636 405 673 ad
430 636 529 674 haee,
559 648 644 680 quae
675 637 843 668 habentur
871 635 905 668 in
931 636 1104 676 manibus,
1136 651 1189 669 ve·

63 696 206 735 niamus,
230 697 312 729 tolle
343 696 469 729 Balach
499 695 597 741 hujus
623 697 711 739 regis
741 692 886 741 pessimi*
908 698 1088 739 malitiam,
1125 711 1190 742 qua

63 758 219 791 maledici
244 758 408 792 desiderat
432 758 599 797 lsraelem,
622 760 716 791 auser
739 758 808 802 ejus
830 759 992 796 astutiam,
1018 772 1083 802 qua
1107 758 1192 791 invi-

62 821 156 852 tabat
178 819 318 853 Balaam
343 821 385 852 ad
411 821 643 852 devorandum
661 819 692 863 Ι>
717 821 902 863 populum:
928 811 1054 864 pariter
1078 821 1191 853 abstu-

61 880 137 913 leris
161 893 236 922 erga
259 880 348 914 filios
371 881 471 913 Israel
496 881 779 925 dispensationem
805 881 880 921 Dei,
906 891 937 913 et
958 881 1193 926 providentiae

50 940 132 987 'ejus
159 944 320 982 savorem,
343 955 510 986 nusquam
535 943 736 987 prophetiae
759 943 836 976 illae
861 953 976 983 erunt,
1014 956 1100 988 quae
1129 956 1192 988 per

61 1015 97 1037 os
121 1003 259 1036 Balaam
285 1013 318 1037 et
341 1003 417 1036 filiis
439 1003 551 1043 Israel,
576 1013 607 1036 et
622 1004 774 1046 gentibus
792 1004 1048 1048 prophetantur.
1085 1005 1192 1048 Quod

59 1064 86 1097 si
110 1064 208 1098 etiam
233 1065 313 1098 novi
335 1065 523 1098 testamenti
549 1066 642 1110 cupis
664 1066 746 1098 haec
770 1065 967 1099 testimoniis
986 1066 1191 1106 confirmari,

63 1126 90 1159 si
114 1127 244 1160 auferas
268 1126 428 1160 malitiam
451 1127 579 1167 Judae,
616 1125 917 1171 proditionemque
942 1125 1011 1171 ejus
1035 1127 1191 1171 perimas,

63 1187 238 1221 abstuleris
269 1187 395 1233 pariter
429 1201 564 1220 crucem
591 1186 733 1227 Christi,
765 1196 797 1220 et
819 1188 1009 1232 passionem
1035 1187 1124 1234 ejus:
1160 1198 1192 1222 et

61 1248 88 1281 si
110 1262 183 1282 non
207 1249 249 1281 sit
273 1263 371 1288 crux,
401 1262 472 1282 non
497 1258 664 1282 exuuntur
685 1249 909 1293 principatus,
941 1259 972 1282 ct
1002 1259 1191 1294 potestates,

62 1322 123 1342 nec
155 1309 410 1354 triumphantur
439 1310 474 1342 in
498 1310 589 1351 ligno
616 1310 730 1343 crucis.
786 1310 822 1342 Si
852 1323 924 1342 non
955 1310 1070 1344 suisset
1097 1325 1190 1344 mors

61 1369 194 1410 Christi,
218 1371 336 1416 utique
351 1384 413 1404 nec
427 1371 626 1404 resurrectio
645 1370 769 1410 suisset,
792 1384 855 1404 nec
881 1371 1050 1405 exstitisset
1073 1372 1192 1417 aliquis

59 1433 301 1476 primogenitus
325 1445 362 1465 ex
386 1431 541 1469 mortuis.
593 1431 701 1475 Quod
732 1432 759 1465 si
788 1446 860 1465 non
883 1432 996 1466 suisset
1019 1433 1190 1478 primoge-

59 1493 148 1526 nitus
180 1507 217 1526 ex
253 1493 412 1535 mortuis,
450 1506 512 1526 nec
545 1507 618 1538 spes
649 1494 747 1527 nobis
780 1494 1035 1528 resurrectionis
1067 1496 1191 1529 fuisset.

62 1554 172 1588 Simili
197 1568 274 1598 ergo
299 1556 406 1589 modo
431 1566 462 1589 et
486 1556 530 1589 de
553 1555 627 1600 ipso
644 1556 782 1589 diabolo
798 1569 976 1601 ponamus,
1000 1558 1093 1589 verbi
1117 1570 1192 1599 gra-

59 1616 116 1657 tia,
138 1618 332 1651 necessitate
355 1617 467 1662 aliqua
491 1617 708 1650 constrictum
732 1617 847 1657 fuisse,
878 1630 922 1650 ne
945 1627 1115 1662 peccaret,
1139 1618 1190 1650 vel

58 1686 136 1721 post
159 1688 336 1723 peccatum
360 1679 508 1712 ablatam
530 1679 630 1712 fuisse
660 1680 703 1711 ab
736 1692 776 1712 eo
800 1679 946 1713 malitiae
968 1680 1190 1712 voluntatem²

61 1739 163 1772 simul
194 1740 312 1784 utique
342 1741 493 1774 ablatum
530 1741 645 1773 fuisset
672 1740 774 1774 nobis'
808 1749 978 1774 certamen
1014 1742 1190 1774 adversum

60 1800 196 1834 insidias
222 1801 367 1842 diaboli,
402 1814 466 1834 nec
490 1810 736 1846 exspectaretur
760 1801 936 1846 corona2)
966 1801 1125 1835 victoriae
1151 1804 1190 1842 ei,

60 1862 118 1907 qui
141 1861 288 1904 legitime
311 1872 476 1899 certasset.
521 1863 558 1896 Si
580 1876 653 1896 non
677 1864 895 1902 haberemus,
932 1864 990 1906 qui
1013 1864 1190 1897 adversum

60 1937 124 1957 nos
151 1925 360 1964 obsisterent,
385 1937 508 1967 agones
530 1937 603 1957 non
627 1933 742 1963 essent,
765 1937 827 1957 nec
841 1923 1025 1957 victoribus
1048 1938 1189 1958 munera

59 1996 289 2030 ponerentur,
314 1999 377 2018 nec
401 1998 541 2027 regnum
568 1985 744 2018 coelorum
769 1985 977 2018 vincentibus
1000 1996 1189 2030 pararetur:

58 2059 170 2092 neque
191 2047 518 2091 momentaneum3)
557 2047 625 2079 hoc
657 2055 689 2079 et
711 2046 784 2080 leve
805 2046 1034 2080 tribulationis
1057 2045 1192 2082 nostrae

153 2165 187 2207 ¹)
211 2165 300 2198 Edd.
326 2163 481 2198 Merlini:
506 2164 752 2198 devovendum.

151 2220 187 2265 ²)
212 2221 243 2252 ΙΙ
267 2220 355 2254 Tim.
380 2220 421 2261 II,
444 2222 476 2254 5.
571 2221 606 2265 ³)
632 2220 702 2253 Csr.
727 2220 758 2252 II
783 2219 862 2254 Cor.
887 2220 944 2259 IV,
967 2219 1020 2254 17.

61 2280 235 2316 ememus
260 2282 396 2316 OPERA.
422 2281 519 2333 Tqm.
539 2282 581 2315 X.
888 2282 928 2317 11
