1427 2460
371 56 408 79 m
431 46 609 79 Nummos
633 43 792 77 HommA
812 43 901 78 XIII.
1137 44 1203 80 153

78 136 277 179 buscunque
293 134 514 168 benedixisset
524 133 675 174 Balaam,
697 133 867 167 benedicti
887 141 1008 166 essent:
1032 133 1092 166 sed
1109 132 1200 166 vide-

78 206 134 229 tur
153 196 237 231 mihi
260 195 422 230 adulandi
444 195 546 239 gratia
570 196 652 228 haec
677 194 803 235 dicere,
834 204 872 228 ut
895 203 998 228 artem
1023 193 1095 240 ejus
1119 196 1202 228 effe-

78 270 154 298 rens
179 266 210 290 et
233 258 410 297 extollens,
438 257 687 302 promptiorem
718 270 795 289 eum
825 255 888 290 sibi
910 258 1031 290 reddat
1054 258 1096 290 ad
1119 257 1201 290 faci-

77 332 149 352 nus.
204 320 266 351 Ars
296 319 384 351 enim
416 319 547 360 magica
570 319 675 352 nescit
697 318 909 358 benedicere,
933 319 1010 363 quia
1034 331 1097 351 nec
1122 320 1202 351 dae-

76 392 193 413 mones
216 379 325 413 scium
347 381 556 414 benefacere.
602 379 720 413 Noscit
748 379 951 412 benedicere
975 380 1065 413 Isaac
1091 389 1122 412 et
1143 379 1203 413 Ja-

78 441 161 480 cob,
191 449 223 473 et
245 453 363 474 omnes
390 443 508 474 sancti:
538 441 723 486 impiorum
756 439 870 474 nullus
899 441 959 474 scit
990 441 1201 475 benedicere.

75 501 143 535 Sed
160 503 297 536 tandem
318 501 457 534 veniunt
481 503 522 535 ad
538 501 679 536 Balaam
696 502 804 544 legati.
842 502 1039 541 „Venerunt
1062 515 1151 545 ergo,
1167 502 1202 545 ¹)

76 562 205 607 inquit,
228 563 375 598 seniores
399 563 519 603 Moab,
543 574 574 596 et
596 564 744 597 seniores
767 563 930 601 Madiam,
956 572 987 595 et
1011 563 1203 596 divinacula

76 625 110 658 in
142 625 298 658 manibus
328 630 478 658 eorum.“
529 625 569 657 In
602 625 667 659 illis
696 623 1083 670 divinationis'artibus,
1121 638 1202 670 quas

76 685 249 719 curiositas
272 687 418 720 humana
444 686 655 731 composuit,
684 695 761 720 sunt
784 686 967 730 quaedam,
1001 698 1088 730 quae
1112 685 1204 719 Scri-

75 756 174 791 ptura
200 748 334 792 quidem
361 748 547 780 divinacula
580 746 785 787 nominavit,
813 746 944 789 gentilis
975 756 1086 779 autem
1118 760 1202 780 con-

74 809 217 841 suetudo
243 810 294 841 vel
318 810 478 854 tripodas,
497 809 549 841 vel
574 807 729 847 cortinas,
753 808 804 840 vel
826 807 897 840 aliis
921 806 1119 853 hujusmodi
1142 822 1203 841 vo-

75 870 202 903 cabulis
238 872 401 916 appellat:
433 883 518 916 quae
550 870 644 915 quasi
681 871 722 903 ad
751 870 817 902 hoc
855 869 966 914 ipsum
998 880 1204 909 consecrata,

72 932 203 965 moveri
226 934 269 965 ab
293 932 331 966 iis
357 942 389 965 et
419 931 621 966 contrectari
653 931 775 964 solent.
832 929 1007 975 Scriptura
1038 945 1118 966 sane
1150 931 1202 964 di-

73 993 148 1026 vina
173 993 302 1038 Ephod
328 995 476 1039 quodam
500 994 682 1027 vernaculo
705 1005 861 1025 sermone
881 992 1038 1025 nominat
1060 993 1094 1025 in
1119 1006 1202 1038 pro-

73 1055 199 1099 phetis,
234 1057 327 1100 quod
363 1055 601 1088 indumentum
637 1054 775 1086 tradunt
810 1067 877 1088 esse
912 1055 1204 1099 prophetantium.

74 1116 179 1148 Aliud
203 1125 314 1149 tamen
339 1118 431 1161 apud
455 1116 646 1159 Scripturas
676 1114 786 1147 divina
813 1115 1010 1159 prophetia,
1033 1116 1126 1149 aliud
1152 1116 1203 1150 di-

75 1176 201 1210 vinatio
225 1177 380 1209 habetur.
429 1177 482 1209 Ait
507 1175 611 1209 enim:
634 1188 726 1214 „non
738 1175 774 1220 ²)
800 1176 862 1209 erit
885 1177 1059 1217 auguratio
1084 1177 1120 1210 in
1144 1178 1204 1210 Ja-

76 1239 157 1279 cob,
182 1251 294 1283 neque
326 1237 486 1270 divinatio
512 1237 544 1270 in
570 1236 683 1269 Israel.
740 1235 779 1268 In
808 1246 963 1281 tempore
995 1238 1127 1271 dicetur
1160 1240 1203 1272 ad

73 1299 184 1332 Jacob
209 1307 240 1332 et
263 1299 376 1338 Israel,
405 1297 487 1342 quid
511 1284 658 1330 facturus
681 1296 722 1329 sit
735 1297 863 1330 Deus.“
912 1299 1100 1332 Abdicatur
1123 1312 1202 1342 ergo

73 1360 205 1405 penitus
236 1359 414 1393 divinatio:
451 1371 554 1403 opere
585 1357 672 1390 enim
708 1367 739 1391 et
767 1358 953 1392 ministerio
985 1361 1205 1402 daemonum,

74 1431 111 1454 ut
134 1435 236 1466 supra
259 1421 326 1467 jam
352 1419 512 1460 diximus,
544 1420 759 1464 adimpletur.
814 1420 917 1460 Igitur
946 1420 1086 1454 Balaam
1118 1422 1203 1455 divi-

74 1483 204 1517 naculis
229 1481 383 1526 acceptis,
408 1495 484 1514 cum
509 1482 658 1514 solerent
682 1481 865 1515 daemones
891 1483 933 1515 ad
949 1482 1059 1527 ipsum
1078 1485 1204 1525 venire,

73 1546 203 1588 fugatos
232 1543 370 1589 quidem
406 1544 588 1576 daemones
615 1542 722 1583 videt,
759 1544 818 1576 sed
850 1544 963 1577 adesse
985 1544 1110 1578 Deum.
1158 1547 1204 1580 Et

73 1606 151 1640 ideo
177 1605 256 1640 dicit
279 1606 486 1647 interrogare
508 1617 542 1637 se
566 1603 698 1644 Deum,
736 1603 813 1649 quia
847 1614 1027 1639 consuetos
1056 1606 1118 1640 sibi
1141 1621 1204 1651 pa-

73 1681 148 1701 rere
170 1680 338 1711 nusquam
364 1667 545 1699 daemones
570 1665 668 1698 videt.
726 1665 826 1698 Venit
856 1678 934 1707 ergo
965 1667 1038 1711 ipse
1069 1669 1112 1701 ad
1134 1668 1201 1703 Ba-

73 1731 179 1770 laam,
207 1741 278 1761 non
311 1729 406 1772 quod
417 1727 452 1771 3)
484 1727 602 1768 dignus
627 1736 728 1766 esset,
755 1727 798 1759 ad
822 1740 922 1771 quern
948 1729 1075 1761 veniret
1099 1730 1203 1771 Deus,

45 1787 47 1790 ¹
74 1791 132 1825 sed
157 1799 195 1823 ut
216 1791 414 1832 fugarentur
435 1789 496 1829 illi,
521 1788 579 1833 qui
603 1788 632 1821 ei
647 1787 683 1832 ⁴²)
708 1788 750 1821 ad
775 1787 1050 1823 maledicendum
1076 1800 1108 1824 et
1129 1805 1201 1825 ma-

71 1851 297 1886 lefaciendum
324 1852 438 1884 adesse
460 1859 713 1883 consueverant.
770 1851 844 1883 Jam
871 1849 961 1882 enim
986 1851 1064 1884 hinc
1088 1853 1202 1897 provi-

75 1915 175 1947 debat
198 1913 293 1946 Deus
314 1912 446 1957 populo
470 1923 543 1944 suo.
603 1912 706 1944 Adest
731 1923 827 1952 ergo,
865 1919 896 1943 et
925 1910 1004 1944 dicit
1035 1912 1128 1947 Deus
1158 1916 1202 1949 ad

171 2052 204 2096 ¹)
228 2052 330 2084 Num.
355 2050 466 2090 XXII,
491 2051 522 2088 7.

167 2107 204 2151 2)
229 2108 331 2140 Num.
355 2106 485 2147 XXIII,
511 2107 565 2141 23.

168 2163 204 2207 ³)
228 2163 316 2196 Edd.
341 2163 495 2196 Merlini:
522 2176 600 2208 quo.

167 2218 203 2262 ⁴)
227 2219 330 2252 Deest
353 2219 424 2260 „ei“
448 2220 481 2253 in
507 2221 576 2254 sola
603 2221 655 2252 ed.
680 2219 795 2252 Ruaei.
