1427 2460
206 58 276 94 258
711 53 893 88 Omessms
1321 54 1343 69 ⁸

206 148 278 194 ipsa
309 147 473 193 pudenda
503 144 731 179 transfoderit.
779 144 845 186 „Et
861 143 895 188 ¹)
920 157 985 189 pro
1010 144 1096 186 hoc,
1117 144 1246 190 inquit,
1269 145 1352 180 dixit

209 209 380 244 Dominus
417 208 461 242 ad
493 207 636 242 Mosen:
678 206 801 241 Finees
832 206 921 241 filius
951 206 1106 248 Eleazar,
1140 207 1202 242 filii
1234 209 1352 242 Aaron

210 270 412 311 sacerdotis,
444 269 571 304 sedavit
599 269 814 303 iracundiam
845 273 991 302 meam.“
1037 268 1132 303 Haec
1155 269 1354 304 aedificave-

211 335 278 368 rint
300 333 455 378 priorem
480 331 670 377 populum:
695 331 756 364 tibi
781 339 906 371 autem,
930 331 990 376 qui
1014 344 1032 365 a
1058 330 1195 366 Christo
1220 332 1355 365 redem-

213 405 266 430 tus
290 408 341 436 es,
374 403 407 428 et
437 393 493 428 cui
525 396 568 428 de
591 393 749 427 manibus
773 392 905 436 gladius
930 394 1120 438 corporalis
1143 394 1275 428 ablatus
1299 403 1358 435 est,

214 467 246 491 et
277 458 376 491 datus
411 466 460 490 est
486 455 617 499 gladius
647 455 803 501 spiritus,
834 455 946 500 arripe
968 456 1061 489 hunc
1083 455 1250 498 gladium:
1275 464 1308 489 et
1329 455 1358 490 si

214 519 314 570 vides*
342 517 565 567 Israeliticum
601 531 738 552 sensum
777 530 857 550 cum
890 517 1120 551 Madianiticis
1151 527 1358 552 scortantem

215 580 465 621 meretricibus,
497 579 532 614 id
566 590 632 621 est,
667 593 745 614 cum
778 577 956 613 diabolicis
987 593 1021 613 se
1046 579 1308 622 cogitationibus
1322 580 1361 623 ²)

216 644 445 682 volutantem,
484 642 570 676 nolo
610 655 747 687 parcas,
787 642 871 674 nolo
914 641 1118 682 dissimules,
1158 642 1218 676 sed
1248 641 1360 676 statim

217 714 373 751 percute,
398 703 510 738 statim
545 703 687 748 perime.
743 703 855 748 Ipsam
887 703 1027 749 quoque
1045 703 1210 744 ,vulvam,
1238 703 1274 737 id
1305 712 1364 743 est,

219 776 346 801 secreta
369 776 512 800 naturae
537 766 720 800 discutiens
744 775 775 799 et
797 775 1000 810 penetrans,
1024 766 1122 800 illum
1144 765 1257 810 ipsum
1280 778 1360 810 pec-

220 830 321 863 candi
343 828 501 863 fomitem
527 829 665 868 deseca,
690 840 733 860 ne
757 828 845 861 ultra
869 828 1059 873 concipiat,
1080 840 1126 860 ne
1148 827 1239 861 ultra
1261 839 1362 869 gene·

221 901 288 931 ret,
326 901 358 925 et
395 891 578 925 maledicta
616 898 839 935 peccatorum
876 891 1015 923 soboles
1047 888 1229 923 Israelitica
1258 898 1366 922 castra

222 952 440 987 contaminet.
497 953 577 986 Hoc
610 951 702 985 enim
732 952 760 985 si
789 951 908 994 facias,
942 951 1109 985 continuo
1140 950 1274 985 sedabis
1296 951 1366 984 ira-

223 1015 385 1049 cundiam
416 1014 579 1047 Domini:
620 1012 821 1058 praevenisti
859 1013 951 1046 enim
982 1012 1102 1058 judicii
1129 1012 1238 1052 diem,
1280 1025 1368 1057 quae

225 1077 296 1110 dies
329 1077 400 1110 irae
432 1074 557 1109 dicitur
588 1084 620 1108 et
649 1075 792 1117 furoris,
831 1083 864 1107 et
896 1074 1117 1108 exterminato
1150 1086 1170 1107 a
1191 1083 1225 1108 te
1247 1074 1369 1108 fomite

225 1139 374 1184 peccati,
404 1138 465 1183 qui
494 1150 588 1171 nunc
612 1139 710 1171 vulva
733 1135 968 1171 Madiauitidis
991 1135 1144 1171 mulieris
1166 1136 1369 1182 appellatur,

226 1214 365 1234 securus
394 1199 506 1233 venies
537 1200 582 1234 ad
610 1198 728 1245 judicii
761 1197 860 1233 diem.
907 1198 951 1231 Et
984 1198 1064 1232 ideo
1095 1208 1267 1242 surgentes
1292 1210 1368 1232 ore-

228 1276 321 1303 mus,
352 1272 390 1295 ut
419 1262 633 1296 inveniamus
662 1269 822 1306 paratum
845 1273 981 1306 semper
1002 1260 1107 1295 istum
1128 1261 1279 1304 gladium
1302 1260 1371 1305 spi-

229 1325 333 1365 ritus,
356 1337 419 1369 per
442 1337 544 1369 quern
569 1322 835 1357 exterminentur
859 1333 891 1356 et
913 1322 1043 1357 semina
1065 1322 1158 1368 ipsa,
1181 1332 1214 1355 et
1247 1334 1372 1356 conce·

229 1386 366 1432 ptacula
381 1395 615 1431 peecatorum,
634 1398 673 1419 ac
691 1385 860 1430 propitius
880 1385 940 1419 fiat
954 1384 1055 1419 nobis
1066 1384 1162 1419 Deus
1179 1397 1241 1429 per
1255 1396 1370 1417 verum

229 1448 352 1481 Finees
382 1447 497 1492 ipsum
523 1447 717 1480 Dominum
747 1455 922 1486 nostrum,
951 1447 1071 1481 Jesum
1096 1445 1285 1482 Christum:
1318 1445 1372 1479 cui

231 1519 280 1544 est
303 1509 432 1553 gloria,
454 1518 487 1543 et
509 1509 694 1554 imperium
717 1508 753 1542 in
778 1510 911 1543 saecula
934 1509 1161 1543 saeculorum.
1211 1506 1339 1540 Amen!

510 1691 903 1733 HOMlLlA
960 1691 1101 1732 XXI.

349 1796 404 1830 De
427 1809 488 1837 eo,
517 1798 614 1842 quod
636 1797 788 1831 secundo
813 1795 965 1842 populus
987 1803 1184 1828 numeratus
1209 1802 1264 1827 est.

328 1888 359 1920 1.
395 1887 539 1921 Numeri
561 1896 651 1929 sunt,
663 1887 701 1933 ³)
735 1899 822 1932 quos
844 1886 1005 1930 legimus:
1035 1894 1069 1919 et
1096 1883 1215 1930 priore
1239 1882 1377 1928 quidem

239 1947 386 1982 lectione
415 1957 573 1994 tempore
596 1950 721 1984 exclusi
743 1962 879 1989 sumus,
908 1961 952 1983 ne
983 1946 1113 1992 aliquid
1137 1945 1237 1980 etiam
1263 1945 1306 1979 de
1328 1956 1379 1978 se-

336 2043 370 2087 ')
394 2044 499 2078 Num.
524 2043 638 2085 XXV,
663 2045 718 2079 10.
743 2045 797 2081 11.

334 2098 371 2143 ²)
395 2099 485 2133 Edd.
510 2100 671 2134 Merlini:
697 2100 979 2134 cunctationibus.

333 2154 370 2197 3)
395 2154 482 2187 Cod.
512 2155 618 2189 sancti
649 2156 860 2191 'Iheodorici
890 2155 1108 2189 Rhemensis:
1139 2160 1265 2194 „sulm
1294 2163 1381 2202 quos

240 2198 413 2241 leg1mus“
460 2200 554 2233 Libri
588 2201 667 2235 editi
697 2203 747 2247 (v.
772 2215 802 2238 c.
826 2202 904 2237 edd.
930 2199 1018 2244 M):
1055 2207 1164 2241 „sunt
1200 2206 1233 2232 et
1263 2196 1298 2230 in
1331 2195 1381 2235 iis,

242 2256 327 2288 quos
352 2244 525 2288 legimus-‘⁸
572 2245 613 2279 R.
