1427 2460
367 77 403 99 m
423 66 603 99 Nummos
621 63 783 97 Homltm
807 64 884 97 XII.
1133 67 1195 101 131

61 170 148 201 gere,
173 157 246 202 quis
270 157 312 190 sit
334 165 468 200 puteus,
492 155 535 188 de
561 168 629 200 quo
655 167 762 199 aquae
775 153 963 199 spirituales
987 152 1196 188 hauriendae

59 229 146 260 sunt,
170 229 201 253 et
223 217 425 252 reficiendus
450 226 498 251 est
520 208 731 250 credentium
755 216 917 261 populus.
961 215 1094 249 Initiate
1115 228 1194 258 ergo

60 282 103 323 lei,
127 282 194 314 hoc
218 290 276 320 est,
299 278 416 312 Israeli
440 278 532 312 hunc
555 287 714 323 puteum:
739 287 776 310 ut
798 290 933 311 sensum
957 277 1146 325 mysticum,
1169 279 1197 311 si

64 342 137 388 quis
162 351 208 375 est
230 341 335 374 corde
358 340 473 374 Deum
500 340 625 381 videns,
651 340 694 372 de
716 339 898 384 profundis
921 340 1028 384 possit
1050 339 1197 373 haurire.

60 405 116 438 Ad
138 403 240 436 istum
265 415 344 444 ergo
368 411 508 447 puteum
533 409 571 435 ut
593 401 718 442 Moses,
741 401 776 434 id
802 410 868 442 est,
892 401 944 434 lex
967 414 1031 434 nos
1057 414 1198 443 congre-

60 473 130 506 get,
160 477 230 497 non
266 465 388 497 frustra
413 464 540 496 dictum
565 462 707 496 videtur.
762 462 876 496 Potest
908 461 998 495 enim
1030 461 1121 502 fieri,
1161 472 1199 495 ut

60 525 180 570 aliquis
204 524 317 559 venire
341 525 384 558 ad
405 525 505 558 istum
520 533 661 569 puteum
687 524 850 563 videatur,
872 525 931 556 sed
955 523 1018 556 nisi
1042 536 1105 568 per
1118 523 1198 556 Mo-

76 599 117 620 en
143 596 375 630 congregetur,
398 599 469 618 non
497 595 543 619 est
568 594 724 630 acceptus
748 585 836 618 Deo.
884 584 1046 618 Marcion
1070 598 1198 618 venisse

58 634 123 682 sibi
146 648 280 681 videtur
303 649 345 681 ad
370 647 471 691 istum
495 657 648 692 puteum,
673 656 704 680 et
727 646 909 686 Basilides,
935 656 965 679 et
991 645 1200 685 Valentinus,

58 711 117 743 sed
142 710 219 754 quia
243 723 316 743 non
340 717 505 741 venerunt
526 721 589 753 per
613 708 758 749 Mosen,
778 721 841 741 nec
867 716 1070 753 receperunt
1091 708 1198 750 legem

60 780 93 804 et
115 771 320 815 prophetas,
355 783 429 803 non
453 779 598 814 possunt
628 770 769 803 laudare
800 768 993 802 Dominum
1017 769 1132 802 Deum
1158 769 1200 802 de

58 831 212 865 fontibus
237 832 349 865 Israel,
404 832 485 864 Non
512 844 590 873 ergo
614 831 772 871 veniunt,
805 831 864 875 qui
888 829 1087 876 hujusmodi
1112 840 1200 874 sunt,

59 895 102 927 ad
125 902 278 938 puteum,
302 906 404 938 quem
428 893 593 926 foderunt
611 892 791 938 principes,
816 901 848 925 et
864 893 1073 926 excuderunt
1095 903 1199 934 reges.

60 955 129 989 Sed
152 954 250 988 vultis
275 954 452 988 ostendam
477 955 572 988 vobis
598 956 640 988 de
657 954 852 999 Scripturis,
877 955 918 987 ad
945 966 1032 997 quos
1056 953 1109 987 inti
1133 967 1199 998 pu-

58 1026 131 1050 teos
155 1015 318 1050 veniunt?
347 1015 408 1049 Est
431 1016 525 1049 vallis
549 1018 715 1061 quaedam
742 1016 837 1056 salsa,
861 1016 896 1048 in
922 1028 989 1059 qua
1013 1015 1100 1048 valle
1123 1024 1202 1048 sunt

58 1077 153 1122 putei
176 1077 362 1112 bituminis.
409 1078 532 1112 Omnis
556 1090 634 1121 ergo
661 1077 818 1118 haeresis,
842 1087 874 1109 et
896 1080 999 1109 omne
1023 1086 1202 1121 peccatum

59 1138 94 1171 in
121 1139 206 1171 valle
231 1148 288 1181 est,
313 1148 345 1172 et
367 1139 402 1172 in
427 1140 515 1173 valle
537 1141 630 1173 salsa.
688 1139 870 1172 Peccatum
896 1138 986 1170 enim
1020 1147 1053 1171 et
1075 1137 1201 1183 iniqui-

60 1208 109 1233 tas
132 1212 204 1232 non
234 1199 408 1234 adscendit
430 1213 581 1241 sursum,
607 1201 666 1234 sed
691 1212 826 1245 semper
850 1200 892 1232 ad
917 1199 985 1232 ima
1011 1209 1044 1233 et
1066 1199 1200 1233 inferna

63 1260 248 1294 descendit.
294 1261 354 1295 Est
378 1273 457 1303 ergo
480 1261 515 1294 in
540 1262 626 1294 valle
648 1261 778 1305 positus
797 1270 830 1293 et
845 1260 960 1301 salsus,
984 1271 1085 1306 atque
1109 1275 1202 1295 ama-

59 1334 117 1354 rus
141 1320 252 1364 omnis
276 1322 463 1356 haereticus
487 1335 613 1362 sensus,
636 1331 668 1355 et
692 1320 804 1355 omnis
824 1330 917 1355 actus
929 1322 1068 1366 peceati.
1106 1322 1202 1367 Quid

60 1382 150 1416 enim
175 1383 286 1423 dulce,
309 1383 392 1429 quid
415 1396 515 1418 suave
539 1391 652 1428 potest
683 1383 808 1416 habere
832 1383 1035 1427 peccatum?
1078 1384 1147 1418 Sed
1173 1393 1204 1418 et

60 1444 205 1490 amplius
221 1443 350 1488 aliquid
373 1444 486 1478 habet.
521 1444 559 1481 Si
575 1445 665 1478 enim
683 1444 814 1478 veneris
830 1445 873 1477 ad
898 1444 1101 1479 haereticam
1127 1459 1204 1479 sen—

58 1506 217 1546 tentiam,
252 1506 279 1539 si
308 1504 438 1540 veneris
467 1507 511 1540 ad
545 1506 806 1547 amaritudinem
830 1506 982 1551 peccati,
1018 1507 1135 1542 venisti
1159 1510 1202 1541 ad

58 1576 182 1613 puteos
205 1566 390 1601 bituminis.
444 1567 625 1610 Bitumen,
665 1581 739 1602 esca
771 1577 804 1601 et
835 1567 1083 1601 nutrimentum
1117 1568 1203 1610 ignis

61 1637 117 1663 est.
164 1627 201 1662 Si
234 1640 313 1671 ergo
346 1638 379 1661 et
408 1637 446 1662 tu
478 1630 659 1672 gustaveris
691 1642 814 1675 aquam
847 1630 889 1662 de
913 1628 982 1664 istis
1013 1631 1141 1674 puteis,
1176 1630 1203 1664 si

61 1690 220 1724 sumsen's
243 1690 451 1724 haereticum
475 1704 628 1732 sensum,
651 1690 679 1726 si
703 1691 833 1736 peccati
858 1690 1121 1725 amaritudinem
1148 1704 1202 1724 ce-

61 1750 162 1796 peris,
185 1751 338 1785 fomenta
362 1750 399 1784 in
422 1761 456 1785 te
478 1752 580 1795 ignis,
614 1762 645 1786 et
668 1753 844 1795 gehennae
874 1751 1031 1786 incendia
1057 1766 1203 1798 praepa-

60 1811 159 1846 rabis.
220 1810 265 1845 Et
297 1822 482 1858 propterea
515 1815 559 1847 ad
584 1827 661 1855 eos,
693 1814 752 1859 qui
782 1815 906 1848 nolunt
937 1815 980 1846 de
1014 1814 1074 1846 illo
1098 1822 1204 1858 puteo

63 1887 186 1918 aquam
209 1872 340 1925 bibere,
363 1887 464 1919 quem
488 1874 661 1920 principes
692 1876 857 1909 foderunt
888 1883 920 1908 et
944 1887 1035 1917 reges
1050 1900 1058 1915 ,
1084 1876 1142 1909 sed
1167 1888 1203 1909 ex

61 1935 139 1977 istis,
163 1934 225 1979 qui
244 1934 279 1967 in
304 1935 390 1968 valle
412 1936 543 1980 peccati
567 1946 655 1976 sunt,
679 1945 710 1969 et
732 1935 818 1978 ignis
843 1936 998 1969 materias
1023 1936 1128 1977 alunt,
1153 1936 1204 1969 di-

62 1995 168 2029 citur:
191 1995 360 2037 „incedite
374 1996 408 2039 ¹)
432 1997 468 2030 in
491 1997 718 2040 lumiueignis
731 1996 829 2029 vestri
856 2006 887 2029 et
908 1996 1077 2038 flammae,
1101 2011 1202 2042 quam

63 2057 158 2090 vobis
188 2056 420 2091 accendistis.“
482 2057 577 2102 Quid
611 2071 689 2101 ergo
725 2057 859 2092 canitur
890 2058 983 2103 apud
1015 2059 1107 2092 hunc
1137 2073 1202 2104 pu-

63 2118 184 2153 teum?
214 2118 415 2163 „Initiate²)
453 2119 500 2159 ei,
535 2119 663 2165 inquit,
698 2128 850 2165 puteum.
896 2118 1076 2153 Foderunt
1106 2120 1201 2153 illum

158 2245 193 2290 ¹)
216 2246 315 2280 Jesai.
342 2247 380 2287 L,
404 2247 455 2280 11.
555 2249 591 2292 ²)
616 2249 718 2281 Num.
743 2247 840 2286 XXI,
865 2247 919 2282 17.
944 2247 996 2280 18.

886 2308 909 2341 9
924 2308 941 2326 ’4
