1427 2460
182 98 228 132 28
663 99 839 134 Ontcnms

183 189 232 221 tui
257 203 332 223 cum
357 188 490 223 Isachar
522 199 554 222 et
579 188 756 222 Zabulon:
789 190 911 222 Ruben
941 202 1020 222 vero
1058 191 1099 223 ab
1125 191 1312 234 occidente,

183 264 261 284 cum
287 251 427 283 Simeon
453 260 484 283 et
509 250 604 284 Gad:
634 250 669 283 in
699 251 841 283 meridie
864 251 995 284 Essrem
1029 265 1105 284 cum
1131 251 1310 298 Beniamin

182 322 215 345 ct
238 312 410 345 Manassc:
435 311 470 344 in
495 311 657 355 aquilone
672 325 751 344 vcro
777 313 855 345 Dan
881 327 958 346 cum
979 313 1147 357 Neptalim
1173 324 1204 346 ct
1217 316 1310 348 Aser.
1339 337 1343 342 ·

178 373 229 406 Ex
253 374 302 406 his
328 373 486 406 omnibus
509 374 602 417 quasi
626 386 689 417 per
712 383 859 417 quatuor
882 384 988 407 terrae
1012 374 1163 408 cardines
1187 375 1221 407 in
1246 375 1311 408 ch·-

179 436 271 468 cuitu
296 435 487 474 collocatis,
517 434 552 467 in
583 435 697 467 medio
730 448 868 476 corum,
898 445 1018 481 utpote
1050 437 1127 469 Deo
1151 436 1310 480 proximi,

179 498 267 530 circa
290 496 402 541 ipsum
426 497 683 529 tabernaculum
708 497 774 529 Dei
807 497 1057 530 constituuntur
1080 497 1222 530 Levitae.
1270 498 1309 529 ln

179 558 291 592 castris
316 558 454 603 quidem
478 558 579 598 Juda,
603 572 689 603 quae
712 568 787 592 sunt
813 560 854 591 ab
880 558 1020 598 oriente,
1046 560 1162 592 Moses
1186 568 1217 591 et
1242 560 1310 592 Aa·

177 633 263 653 ron:
298 619 333 651 in
365 619 477 653 castris
507 633 586 653 vero
619 620 759 660 Ruben,
802 620 950 653 Gerson:
985 619 1020 652 in
1054 620 1166 654 castris
1197 630 1307 653 autem

176 680 376 727 Beniamin,
408 681 530 714 Caatliz
561 681 620 713 ubi
652 695 731 715 vero
755 682 835 715 Dan
867 691 971 715 casn-a
1007 681 1199 721 constituit,
1233 682 1308 714 'Mc-

176 742 243 776 rari
259 742 293 786 ¹)
315 742 473 777 scribitur
496 743 701 777 collocatus:
728 753 758 777 et
779 743 823 776 ita
846 743 880 776 in
906 744 1020 777 medio
1046 743 1195 776 filiorum
1208 744 1308 776 Israel

177 818 215 837 ex
240 805 335 837 omni
358 814 467 849 parte,
501 814 532 837 et
554 818 617 850 per
641 805 836 846 circuitum,
876 806 970 850 quasi
993 805 1156 848 inscrti2)
1181 806 1308 845 ceteris,

177 875 210 898 ct
233 866 345 898 innexi
370 867 526 899 videntur
552 880 620 900 esse
638 867 698 900 filii
723 867 811 901 Levi.
858 868 950 900 Haec
974 876 1067 906 sunt,
1097 879 1183 911 quae
1207 866 1308 900 nobis

174 927 271 960 litera
295 928 374 970 legis
400 928 546 972 exponit,
572 938 609 961 ut
632 941 670 961 ex
694 928 744 962 his
769 938 1060 962 sacramentorum
1084 928 1211 961 semina
1236 928 1307 960 col-

174 988 329 1030 ligentes,
358 999 521 1034 tanquam
553 990 712 1031 gradibus
745 991 946 1035 quibusdam
980 991 1022 1022 ab
1055 989 1240 1023 humilibus
1265 991 1308 1022 ad

175 1051 319 1089 excelsa,
357 1060 388 1083 et
411 1052 437 1083 'a
469 1052 610 1085 terrenis
642 1053 684 1084 ad
717 1052 873 1085 coelestia
911 1052 1187 1085 conscendamus.
1233 1052 1307 1085 Ad-

172 1113 296 1144 scende
321 1124 399 1153 ergo
423 1126 535 1152 nunc,
559 1126 579 1145 o
606 1112 758 1152 auditor,
780 1114 806 1147 si
832 1123 945 1157 potes,
971 1123 1002 1145 et
1024 1126 1041 1145 a
1067 1114 1206 1146 terrenis
1230 1126 1307 1146 scn—

171 1172 264 1206 sibus
287 1173 409 1206 intuitu
433 1174 553 1207 mentis
586 1183 617 1207 et
641 1174 849 1219 perspicacia
875 1175 985 1207 cordis
1013 1174 1152 1206 elevare.
1208 1172 1308 1206 Obli-

172 1235 297 1267 viscere
326 1235 499 1280 paulisper
530 1244 683 1277 terrena,
715 1250 816 1282 supra
853 1237 961 1268 nubes
994 1245 1024 1268 et
1054 1248 1156 1279 supra
1193 1235 1306 1278 ipsum

173 1297 307 1328 coelum
333 1310 443 1339 gressu
467 1298 588 1331 mentis
617 1298 746 1331 incede.
800 1298 853 1331 Ibi
884 1298 1019 1342 require
1048 1297 1307 1329 tabernaculum

170 1357 248 1397 Dei,
271 1358 331 1390 ubi
354 1371 556 1402 praecursor
590 1373 654 1403 pro
686 1358 786 1392 nobis
809 1359 960 1391 introivit
981 1359 1096 1396 Jesm,
1136 1366 1166 1389 et
1190 1356 1307 1390 assistit

169 1432 262 1451 nune
286 1420 391 1452 vultui
416 1419 491 1459 Dei,
516 1421 733 1465 interpellans
757 1434 820 1465 pro
846 1420 955 1453 nobis.
992 1420 1052 1459 lbi,
1076 1419 1227 1463 iuquam,
1251 1431 1304 1451 re-

171 1479 267 1524 quire
299 1490 482 1525 quaternos
520 1481 599 1515 istos
641 1483 795 1522 ordines,
832 1483 1062 1526 stationesque
1107 1490 1303 1514 castrorum.
1324 1475 1327 1480 A

168 1541 221 1573 lbi
247 1542 423 1575 Israelitica
449 1543 592 1585 agmina,
617 1553 649 1576 et
673 1543 828 1577 excubias
853 1557 952 1576 cerne
969 1552 1174 1582 sanctorum,
1198 1552 1230 1574 et
1255 1541 1303 1574 ibi

168 1604 236 1643 illa,
261 1617 346 1648 quae
372 1604 426 1636 hic
452 1618 544 1638 nunc
569 1605 780 1649 quaerimUS,
818 1605 1067 1649 primitivorum
1093 1613 1301 1637 sacramenta

167 1666 300 1698 rimare.
347 1667 416 1699 Sed
443 1679 504 1707 ego
528 1680 599 1699 non
627 1668 737 1700 audeo
762 1666 844 1699 illuc
866 1667 957 1699 solus
982 1667 1204 1704 adscendere,
1228 1678 1300 1697 non

167 1728 279 1760 audeo
304 1740 359 1760 me
382 1728 418 1760 in
442 1728 510 1765 hos¹
528 1737 597 1761 tam
624 1738 769 1761 secretos
793 1727 1032 1774 mysteriorum
1063 1739 1207 1760 secessus
1230 1725 1301 1759 sine

166 1789 366 1822 auctoritate
388 1789 501 1832 magni
525 1789 665 1837 alicujus
689 1789 838 1824 doctoris
863 1789 1070 1831 immergere.
1115 1788 1194 1820 Non
1223 1800 1302 1832 pos-

166 1865 240 1884 sum
265 1852 347 1884 illuc
371 1853 596 1892 adscendere,
622 1852 687 1885 nisi
718 1852 902 1897 praecedat
924 1863 980 1883 me
1003 1849 1148 1889 Paulus,
1173 1858 1205 1883 et
1229 1848 1302 1893 ipse

165 1913 249 1946 mihi
281 1913 368 1952 viam
400 1913 480 1946 novi
520 1912 620 1958 hujus
653 1923 685 1946 et
715 1913 813 1946 ardui
846 1913 974 1946 itineris
1007 1912 1170 1945 ostendat.
1224 1911 1300 1954 Ipse

166 1988 244 2017 crgo
272 1976 520 2020 Apostolorum
543 1975 727 2016 maximus,
759 1975 816 2020 qui
845 1975 944 2008 sciret
975 1974 1097 2006 multas
1128 1985 1196 2006 esse
1226 1985 1297 2005 nou

164 2038 274 2071 solum
299 2037 334 2069 in
359 2036 471 2076 terris,
509 2038 567 2070 scd
602 2047 634 2070 et
655 2038 692 2071 in
724 2037 826 2071 coeli⁵
851 2035 1024 2075 ecclesias,
1059 2048 1097 2067 ex
1121 2033 1244 2078 quibus
1267 2042 1299 2067 et

164 2109 292 2144 septem
318 2098 479 2143 quasdam
503 2097 703 2142 Joanne53)
736 2107 926 2131 enumerat:
958 2098 1030 2143 ipse
1063 2107 1175 2130 tamen
1207 2094 1296 2130 Pau—

258 2194 293 2237 1>
317 2194 409 2227 Edd.
434 2192 572 2225 Mei-lini
596 2206 794 2237 perperam:
820 2191 946 2226 metari.

257 2250 293 2293 ²)
318 2249 405 2282 Edd.
433 2249 481 2282 M.
505 2262 702 2294 perperam:
727 2249 838 2282 inseri.

256 2306 292 2348 ³)
319 2307 457 2351 Apocal.
484 2308 510 2346 I,
534 2306 565 2340 4.
591 2307 643 2340 11.
667 2318 758 2350 seqq.
