<?xml version="1.0" encoding="UTF-8"?>
<!DOCTYPE html PUBLIC "-//W3C//DTD XHTML 1.0 Transitional//EN"
    "http://www.w3.org/TR/xhtml1/DTD/xhtml1-transitional.dtd">
<html xmlns="http://www.w3.org/1999/xhtml" xml:lang="en" lang="en">
 <head>
  <title>
</title>
<meta http-equiv="Content-Type" content="text/html;charset=utf-8" />
  <meta name='ocr-system' content='tesseract 3.04.00' />
  <meta name='ocr-capabilities' content='ocr_page ocr_carea ocr_par ocr_line ocrx_word'/>
</head>
<body>
  <div class='ocr_page' id='page_1' title='image "./operaomniaquaegr10orig_0120.png"; bbox 0 0 1427 2460; ppageno 0'>
   <div class='ocr_carea' id='block_1_1' title="bbox 238 99 906 135">
    <p class='ocr_par' dir='ltr' id='par_1_1' title="bbox 238 99 906 135">
     <span class='ocr_line' id='line_1_1' title="bbox 238 99 906 135; baseline -0.006 0"><span class='ocrx_word' id='word_1_1' title='bbox 238 101 284 135; x_wconf 82' lang='lat'><strong>98</strong></span> <span class='ocrx_word' id='word_1_2' title='bbox 728 99 906 132; x_wconf 73' lang='lat' dir='ltr'><strong>Omoems</strong></span> 
     </span>
    </p>
   </div>
   <div class='ocr_carea' id='block_1_2' title="bbox 243 187 1403 1841">
    <p class='ocr_par' dir='ltr' id='par_1_2' title="bbox 243 187 1402 542">
     <span class='ocr_line' id='line_1_2' title="bbox 244 187 1382 234; baseline -0.002 -11"><span class='ocrx_word' id='word_1_3' title='bbox 244 192 324 224; x_wconf 87' lang='lat' dir='ltr'><strong>dere</strong></span> <span class='ocrx_word' id='word_1_4' title='bbox 347 189 544 232; x_wconf 83' lang='lat' dir='ltr'><strong>sanguinem</strong></span> <span class='ocrx_word' id='word_1_5' title='bbox 569 201 667 222; x_wconf 89' lang='lat' dir='ltr'><strong>suum</strong></span> <span class='ocrx_word' id='word_1_6' title='bbox 691 202 755 234; x_wconf 89' lang='lat' dir='ltr'><strong>pro</strong></span> <span class='ocrx_word' id='word_1_7' title='bbox 789 189 932 222; x_wconf 87' lang='lat' dir='ltr'><strong>nomine</strong></span> <span class='ocrx_word' id='word_1_8' title='bbox 959 187 1102 222; x_wconf 84' lang='lat' dir='ltr'>Domini</span> <span class='ocrx_word' id='word_1_9' title='bbox 1135 191 1215 222; x_wconf 84' lang='lat' dir='ltr'><strong>Jesu</strong></span> <span class='ocrx_word' id='word_1_10' title='bbox 1240 189 1382 225; x_wconf 82' lang='lat' dir='ltr'>Christi:</span> 
     </span>
     <span class='ocr_line' id='line_1_3' title="bbox 243 250 1383 295; baseline 0 -11"><span class='ocrx_word' id='word_1_11' title='bbox 243 264 315 284; x_wconf 89' lang='lat' dir='ltr'><strong>non</strong></span> <span class='ocrx_word' id='word_1_12' title='bbox 341 250 461 283; x_wconf 88' lang='lat' dir='ltr'><strong>dubito</strong></span> <span class='ocrx_word' id='word_1_13' title='bbox 487 262 557 283; x_wconf 86' lang='lat' dir='ltr'><strong>esse</strong></span> <span class='ocrx_word' id='word_1_14' title='bbox 580 250 721 295; x_wconf 84' lang='lat' dir='ltr'><strong>aliquos,</strong></span> <span class='ocrx_word' id='word_1_15' title='bbox 747 251 805 295; x_wconf 89' lang='lat' dir='ltr'><strong>qui</strong></span> <span class='ocrx_word' id='word_1_16' title='bbox 829 250 968 283; x_wconf 84' lang='lat' dir='ltr'><strong>tulerint</strong></span> <span class='ocrx_word' id='word_1_17' title='bbox 985 262 1120 282; x_wconf 86' lang='lat' dir='ltr'><strong>crucem</strong></span> <span class='ocrx_word' id='word_1_18' title='bbox 1143 262 1250 292; x_wconf 83' lang='lat' dir='ltr'><strong>suam,</strong></span> <span class='ocrx_word' id='word_1_19' title='bbox 1275 258 1310 283; x_wconf 85' lang='lat' dir='ltr'><strong>et</strong></span> <span class='ocrx_word' id='word_1_20' title='bbox 1330 262 1383 284; x_wconf 78' lang='lat' dir='ltr'><strong>se·</strong></span> 
     </span>
     <span class='ocr_line' id='line_1_4' title="bbox 246 311 1381 357; baseline -0.001 -12"><span class='ocrx_word' id='word_1_21' title='bbox 246 320 394 357; x_wconf 88' lang='lat' dir='ltr'><strong>quantur</strong></span> <span class='ocrx_word' id='word_1_22' title='bbox 417 323 506 343; x_wconf 87' lang='lat' dir='ltr'><strong>eum.</strong></span> <span class='ocrx_word' id='word_1_23' title='bbox 553 311 647 345; x_wconf 89' lang='lat' dir='ltr'><strong>Haec</strong></span> <span class='ocrx_word' id='word_1_24' title='bbox 671 313 750 346; x_wconf 88' lang='lat' dir='ltr'><strong>licet</strong></span> <span class='ocrx_word' id='word_1_25' title='bbox 773 324 835 357; x_wconf 86' lang='lat' dir='ltr'><strong>per</strong></span> <span class='ocrx_word' id='word_1_26' title='bbox 859 325 1027 345; x_wconf 79' lang='lat' dir='ltr'>excessum</span> <span class='ocrx_word' id='word_1_27' title='bbox 1058 312 1242 356; x_wconf 81' lang='lat' dir='ltr'><strong>quendam,</strong></span> <span class='ocrx_word' id='word_1_28' title='bbox 1264 324 1381 345; x_wconf 88' lang='lat' dir='ltr'><strong>neces-</strong></span> 
     </span>
     <span class='ocr_line' id='line_1_5' title="bbox 246 372 1402 423; baseline 0 -16"><span class='ocrx_word' id='word_1_29' title='bbox 246 373 332 407; x_wconf 84' lang='lat' dir='ltr'><strong>sario</strong></span> <span class='ocrx_word' id='word_1_30' title='bbox 358 381 470 406; x_wconf 85' lang='lat' dir='ltr'><strong>tamen</strong></span> <span class='ocrx_word' id='word_1_31' title='bbox 495 372 652 407; x_wconf 87' lang='lat' dir='ltr'><strong>videntur</strong></span> <span class='ocrx_word' id='word_1_32' title='bbox 682 375 788 413; x_wconf 88' lang='lat' dir='ltr'><strong>dicta,</strong></span> <span class='ocrx_word' id='word_1_33' title='bbox 820 383 858 406; x_wconf 91' lang='lat' dir='ltr'><strong>ut</strong></span> <span class='ocrx_word' id='word_1_34' title='bbox 888 373 1167 416; x_wconf 81' lang='lat' dir='ltr'><strong>intelligeremus,</strong></span> <span class='ocrx_word' id='word_1_35' title='bbox 1200 374 1402 423; x_wconf 77' lang='lat' dir='ltr'><strong>quomodo¹</strong></span> 
     </span>
     <span class='ocr_line' id='line_1_6' title="bbox 245 433 1380 480; baseline -0.001 -12"><span class='ocrx_word' id='word_1_36' title='bbox 245 448 308 480; x_wconf 90' lang='lat' dir='ltr'><strong>per</strong></span> <span class='ocrx_word' id='word_1_37' title='bbox 330 435 539 480; x_wconf 87' lang='lat' dir='ltr'><strong>pontificem,</strong></span> <span class='ocrx_word' id='word_1_38' title='bbox 563 445 595 469; x_wconf 81' lang='lat' dir='ltr'><strong>et</strong></span> <span class='ocrx_word' id='word_1_39' title='bbox 617 436 705 469; x_wconf 84' lang='lat' dir='ltr'><strong>filios</strong></span> <span class='ocrx_word' id='word_1_40' title='bbox 728 435 898 480; x_wconf 89' lang='lat' dir='ltr'><strong>pontificis</strong></span> <span class='ocrx_word' id='word_1_41' title='bbox 927 435 986 468; x_wconf 84' lang='lat' dir='ltr'><strong>fiat</strong></span> <span class='ocrx_word' id='word_1_42' title='bbox 1014 435 1050 469; x_wconf 90' lang='lat' dir='ltr'><strong>iu</strong></span> <span class='ocrx_word' id='word_1_43' title='bbox 1083 434 1204 468; x_wconf 84' lang='lat' dir='ltr'><strong>sanctis</strong></span> <span class='ocrx_word' id='word_1_44' title='bbox 1227 433 1380 468; x_wconf 73' lang='lat' dir='ltr'>remissio</span> 
     </span>
     <span class='ocr_line' id='line_1_7' title="bbox 245 505 478 542; baseline -0.004 -12"><span class='ocrx_word' id='word_1_45' title='bbox 245 505 478 542; x_wconf 84' lang='lat' dir='ltr'><strong>peccatorum.</strong></span> 
     </span>
    </p>

    <p class='ocr_par' dir='ltr' id='par_1_3' title="bbox 244 555 1403 1841">
     <span class='ocr_line' id='line_1_8' title="bbox 335 555 1383 603; baseline -0.004 -10"><span class='ocrx_word' id='word_1_46' title='bbox 335 559 368 593; x_wconf 87' lang='lat'><strong>3.</strong></span> <span class='ocrx_word' id='word_1_47' title='bbox 394 558 555 603; x_wconf 85' lang='lat' dir='ltr'>Sequitur</span> <span class='ocrx_word' id='word_1_48' title='bbox 579 568 655 603; x_wconf 85' lang='lat' dir='ltr'><strong>post</strong></span> <span class='ocrx_word' id='word_1_49' title='bbox 677 559 776 593; x_wconf 88' lang='lat' dir='ltr'><strong>haec:</strong></span> <span class='ocrx_word' id='word_1_50' title='bbox 810 559 911 603; x_wconf 84' lang='lat' dir='ltr'><strong>„et¹)</strong></span> <span class='ocrx_word' id='word_1_51' title='bbox 934 568 988 598; x_wconf 90' lang='lat' dir='ltr'><strong>tu,</strong></span> <span class='ocrx_word' id='word_1_52' title='bbox 1022 557 1149 602; x_wconf 87' lang='lat' dir='ltr'><strong>inquit,</strong></span> <span class='ocrx_word' id='word_1_53' title='bbox 1184 567 1217 590; x_wconf 85' lang='lat' dir='ltr'><strong>et</strong></span> <span class='ocrx_word' id='word_1_54' title='bbox 1246 555 1309 590; x_wconf 85' lang='lat' dir='ltr'><strong>filii</strong></span> <span class='ocrx_word' id='word_1_55' title='bbox 1331 555 1383 590; x_wconf 88' lang='lat' dir='ltr'><strong>tui</strong></span> 
     </span>
     <span class='ocr_line' id='line_1_9' title="bbox 247 615 1381 665; baseline -0.002 -12"><span class='ocrx_word' id='word_1_56' title='bbox 247 615 417 665; x_wconf 75' lang='lat' dir='ltr'><strong>accipie’tis</strong></span> <span class='ocrx_word' id='word_1_57' title='bbox 441 628 579 664; x_wconf 85' lang='lat' dir='ltr'><strong>peccata</strong></span> <span class='ocrx_word' id='word_1_58' title='bbox 603 621 782 654; x_wconf 86' lang='lat' dir='ltr'><strong>sacerdotii</strong></span> <span class='ocrx_word' id='word_1_59' title='bbox 807 620 922 654; x_wconf 83' lang='lat' dir='ltr'><strong>vestri:</strong></span> <span class='ocrx_word' id='word_1_60' title='bbox 948 630 979 653; x_wconf 90' lang='lat' dir='ltr'><strong>et</strong></span> <span class='ocrx_word' id='word_1_61' title='bbox 1001 620 1120 652; x_wconf 84' lang='lat' dir='ltr'><strong>fratres</strong></span> <span class='ocrx_word' id='word_1_62' title='bbox 1136 629 1212 652; x_wconf 86' lang='lat' dir='ltr'><strong>tuos</strong></span> <span class='ocrx_word' id='word_1_63' title='bbox 1226 618 1381 652; x_wconf 88' lang='lat' dir='ltr'><strong>tribuum</strong></span> 
     </span>
     <span class='ocr_line' id='line_1_10' title="bbox 246 669 1383 726; baseline -0.002 -12"><span class='ocrx_word' id='word_1_64' title='bbox 246 680 335 722; x_wconf 85' lang='lat' dir='ltr'><strong>Levi,</strong></span> <span class='ocrx_word' id='word_1_65' title='bbox 357 682 494 726; x_wconf 83' lang='lat' dir='ltr'>plebem</span> <span class='ocrx_word' id='word_1_66' title='bbox 520 680 623 725; x_wconf 78' lang='lat' dir='ltr'><strong>patris</strong></span> <span class='ocrx_word' id='word_1_67' title='bbox 648 682 695 714; x_wconf 87' lang='lat' dir='ltr'><strong>tui</strong></span> <span class='ocrx_word' id='word_1_68' title='bbox 719 683 860 715; x_wconf 85' lang='lat' dir='ltr'><strong>adsume</strong></span> <span class='ocrx_word' id='word_1_69' title='bbox 884 682 927 715; x_wconf 79' lang='lat' dir='ltr'><strong>ad</strong></span> <span class='ocrx_word' id='word_1_70' title='bbox 947 691 992 721; x_wconf 88' lang='lat' dir='ltr'><strong>te,</strong></span> <span class='ocrx_word' id='word_1_71' title='bbox 1009 669 1046 714; x_wconf 29' lang='lat' dir='ltr'><strong>&#39;et</strong></span> <span class='ocrx_word' id='word_1_72' title='bbox 1061 679 1287 726; x_wconf 84' lang='lat' dir='ltr'><strong>adjungantur</strong></span> <span class='ocrx_word' id='word_1_73' title='bbox 1309 679 1383 720; x_wconf 81' lang='lat' dir='ltr'><strong>tibi,</strong></span> 
     </span>
     <span class='ocr_line' id='line_1_11' title="bbox 247 741 1383 786; baseline -0.001 -11"><span class='ocrx_word' id='word_1_74' title='bbox 247 753 279 776; x_wconf 86' lang='lat' dir='ltr'><strong>et</strong></span> <span class='ocrx_word' id='word_1_75' title='bbox 301 743 492 777; x_wconf 84' lang='lat' dir='ltr'>ministrent</span> <span class='ocrx_word' id='word_1_76' title='bbox 514 743 593 779; x_wconf 83' lang='lat' dir='ltr'><strong>tibi:</strong></span> <span class='ocrx_word' id='word_1_77' title='bbox 627 752 658 776; x_wconf 84' lang='lat' dir='ltr'><strong>et</strong></span> <span class='ocrx_word' id='word_1_78' title='bbox 689 753 726 776; x_wconf 83' lang='lat' dir='ltr'><strong>tu</strong></span> <span class='ocrx_word' id='word_1_79' title='bbox 761 754 791 777; x_wconf 89' lang='lat' dir='ltr'><strong>et</strong></span> <span class='ocrx_word' id='word_1_80' title='bbox 829 743 889 777; x_wconf 82' lang='lat' dir='ltr'><strong>filii</strong></span> <span class='ocrx_word' id='word_1_81' title='bbox 921 743 970 776; x_wconf 87' lang='lat' dir='ltr'><strong>tui</strong></span> <span class='ocrx_word' id='word_1_82' title='bbox 994 752 1107 776; x_wconf 87' lang='lat' dir='ltr'><strong>tecum</strong></span> <span class='ocrx_word' id='word_1_83' title='bbox 1137 741 1173 774; x_wconf 87' lang='lat' dir='ltr'><strong>in</strong></span> <span class='ocrx_word' id='word_1_84' title='bbox 1199 750 1383 786; x_wconf 88' lang='lat' dir='ltr'><strong>conspectu</strong></span> 
     </span>
     <span class='ocr_line' id='line_1_12' title="bbox 247 800 1382 845; baseline -0.002 -9"><span class='ocrx_word' id='word_1_85' title='bbox 247 805 458 838; x_wconf 79' lang='lat' dir='ltr'><strong>tabernaculi</strong></span> <span class='ocrx_word' id='word_1_86' title='bbox 482 804 666 838; x_wconf 84' lang='lat' dir='ltr'><strong>testimonii</strong></span> <span class='ocrx_word' id='word_1_87' title='bbox 692 806 921 838; x_wconf 81' lang='lat' dir='ltr'><strong>observabunt</strong></span> <span class='ocrx_word' id='word_1_88' title='bbox 945 804 1112 838; x_wconf 84' lang='lat' dir='ltr'><strong>custodias</strong></span> <span class='ocrx_word' id='word_1_89' title='bbox 1135 813 1218 843; x_wconf 85' lang='lat' dir='ltr'><strong>tuas,</strong></span> <span class='ocrx_word' id='word_1_90' title='bbox 1233 802 1271 845; x_wconf 86' lang='lat'><strong>²)</strong></span> <span class='ocrx_word' id='word_1_91' title='bbox 1303 811 1335 835; x_wconf 86' lang='lat' dir='ltr'><strong>et</strong></span> <span class='ocrx_word' id='word_1_92' title='bbox 1345 800 1382 844; x_wconf 81' lang='lat'><strong>³)</strong></span> 
     </span>
     <span class='ocr_line' id='line_1_13' title="bbox 247 863 1383 909; baseline -0.004 -9"><span class='ocrx_word' id='word_1_93' title='bbox 247 865 413 900; x_wconf 73' lang='lat' dir='ltr'><strong>custodias</strong></span> <span class='ocrx_word' id='word_1_94' title='bbox 437 866 678 900; x_wconf 83' lang='lat' dir='ltr'><strong>tabernaculi.“</strong></span> <span class='ocrx_word' id='word_1_95' title='bbox 717 866 908 901; x_wconf 86' lang='lat' dir='ltr'><strong>Observare</strong></span> <span class='ocrx_word' id='word_1_96' title='bbox 922 867 1126 909; x_wconf 80' lang='lat' dir='ltr'><strong>diligentius,</strong></span> <span class='ocrx_word' id='word_1_97' title='bbox 1150 874 1182 898; x_wconf 83' lang='lat' dir='ltr'><strong>et</strong></span> <span class='ocrx_word' id='word_1_98' title='bbox 1204 863 1383 897; x_wconf 73' lang='lat' dir='ltr'><strong>intendere</strong></span> 
     </span>
     <span class='ocr_line' id='line_1_14' title="bbox 244 926 1383 973; baseline -0.004 -12"><span class='ocrx_word' id='word_1_99' title='bbox 244 928 294 968; x_wconf 88' lang='lat' dir='ltr'><strong>iis,</strong></span> <span class='ocrx_word' id='word_1_100' title='bbox 319 940 407 972; x_wconf 88' lang='lat' dir='ltr'><strong>quae</strong></span> <span class='ocrx_word' id='word_1_101' title='bbox 431 927 552 971; x_wconf 86' lang='lat' dir='ltr'><strong>scripta</strong></span> <span class='ocrx_word' id='word_1_102' title='bbox 576 936 663 968; x_wconf 90' lang='lat' dir='ltr'><strong>sunt,</strong></span> <span class='ocrx_word' id='word_1_103' title='bbox 689 928 847 962; x_wconf 86' lang='lat' dir='ltr'><strong>convenit</strong></span> <span class='ocrx_word' id='word_1_104' title='bbox 871 942 927 963; x_wconf 82' lang='lat' dir='ltr'><strong>eos</strong></span> <span class='ocrx_word' id='word_1_105' title='bbox 950 928 1151 973; x_wconf 80' lang='lat' dir='ltr'><strong>praecipue,</strong></span> <span class='ocrx_word' id='word_1_106' title='bbox 1183 927 1241 971; x_wconf 86' lang='lat' dir='ltr'><strong>qui</strong></span> <span class='ocrx_word' id='word_1_107' title='bbox 1264 926 1300 958; x_wconf 88' lang='lat' dir='ltr'><strong>in</strong></span> <span class='ocrx_word' id='word_1_108' title='bbox 1325 938 1383 958; x_wconf 90' lang='lat' dir='ltr'><strong>or-</strong></span> 
     </span>
     <span class='ocr_line' id='line_1_15' title="bbox 247 986 1383 1034; baseline -0.002 -12"><span class='ocrx_word' id='word_1_109' title='bbox 247 989 326 1022; x_wconf 84' lang='lat' dir='ltr'><strong>dine</strong></span> <span class='ocrx_word' id='word_1_110' title='bbox 348 988 548 1023; x_wconf 83' lang='lat' dir='ltr'><strong>sacerdotali</strong></span> <span class='ocrx_word' id='word_1_111' title='bbox 571 988 776 1030; x_wconf 84' lang='lat' dir='ltr'><strong>gloriantur:</strong></span> <span class='ocrx_word' id='word_1_112' title='bbox 800 999 838 1022; x_wconf 90' lang='lat' dir='ltr'><strong>ut</strong></span> <span class='ocrx_word' id='word_1_113' title='bbox 859 990 984 1029; x_wconf 86' lang='lat' dir='ltr'><strong>sciant,</strong></span> <span class='ocrx_word' id='word_1_114' title='bbox 1015 989 1098 1034; x_wconf 84' lang='lat' dir='ltr'><strong>quid</strong></span> <span class='ocrx_word' id='word_1_115' title='bbox 1122 997 1188 1029; x_wconf 86' lang='lat' dir='ltr'><strong>est,</strong></span> <span class='ocrx_word' id='word_1_116' title='bbox 1224 987 1319 1031; x_wconf 91' lang='lat' dir='ltr'><strong>quod</strong></span> <span class='ocrx_word' id='word_1_117' title='bbox 1342 986 1383 1020; x_wconf 83' lang='lat' dir='ltr'><strong>iis</strong></span> 
     </span>
     <span class='ocr_line' id='line_1_16' title="bbox 245 1047 1403 1095; baseline -0.003 -11"><span class='ocrx_word' id='word_1_118' title='bbox 245 1052 300 1095; x_wconf 73' lang='lat' dir='ltr'><strong>l·</strong></span> <span class='ocrx_word' id='word_1_119' title='bbox 323 1051 435 1084; x_wconf 86' lang='lat' dir='ltr'><strong>divina</strong></span> <span class='ocrx_word' id='word_1_120' title='bbox 459 1049 681 1095; x_wconf 73' lang='lat' dir='ltr'><strong>praecepit4)</strong></span> <span class='ocrx_word' id='word_1_121' title='bbox 706 1051 967 1084; x_wconf 86' lang='lat' dir='ltr'><strong>observandum.</strong></span> <span class='ocrx_word' id='word_1_122' title='bbox 1014 1049 1086 1090; x_wconf 88' lang='lat' dir='ltr'><strong>Tu,</strong></span> <span class='ocrx_word' id='word_1_123' title='bbox 1109 1048 1240 1094; x_wconf 85' lang='lat' dir='ltr'><strong>inquit,</strong></span> <span class='ocrx_word' id='word_1_124' title='bbox 1266 1057 1300 1081; x_wconf 91' lang='lat' dir='ltr'><strong>et</strong></span> <span class='ocrx_word' id='word_1_125' title='bbox 1321 1047 1403 1082; x_wconf 51' lang='lat' dir='ltr'><strong>filii*</strong></span> 
     </span>
     <span class='ocr_line' id='line_1_17' title="bbox 246 1110 1381 1156; baseline -0.003 -11"><span class='ocrx_word' id='word_1_126' title='bbox 246 1112 295 1145; x_wconf 87' lang='lat' dir='ltr'><strong>tui</strong></span> <span class='ocrx_word' id='word_1_127' title='bbox 325 1122 437 1145; x_wconf 88' lang='lat' dir='ltr'><strong>tecum</strong></span> <span class='ocrx_word' id='word_1_128' title='bbox 468 1112 504 1144; x_wconf 89' lang='lat' dir='ltr'><strong>iu</strong></span> <span class='ocrx_word' id='word_1_129' title='bbox 538 1120 725 1156; x_wconf 86' lang='lat' dir='ltr'><strong>conspectu</strong></span> <span class='ocrx_word' id='word_1_130' title='bbox 756 1111 968 1144; x_wconf 78' lang='lat' dir='ltr'><strong>tabernaculi</strong></span> <span class='ocrx_word' id='word_1_131' title='bbox 998 1110 1232 1154; x_wconf 60' lang='lat' dir='ltr'><strong>testimonii-⁵)</strong></span> <span class='ocrx_word' id='word_1_132' title='bbox 1264 1110 1381 1142; x_wconf 87' lang='lat' dir='ltr'><strong>obser-</strong></span> 
     </span>
     <span class='ocr_line' id='line_1_18' title="bbox 246 1169 1383 1217; baseline -0.002 -12"><span class='ocrx_word' id='word_1_133' title='bbox 246 1182 320 1206; x_wconf 86' lang='lat' dir='ltr'><strong>vate</strong></span> <span class='ocrx_word' id='word_1_134' title='bbox 331 1172 367 1217; x_wconf 74' lang='grc'><strong>6)</strong></span> <span class='ocrx_word' id='word_1_135' title='bbox 393 1171 560 1206; x_wconf 85' lang='lat' dir='ltr'><strong>custodias</strong></span> <span class='ocrx_word' id='word_1_136' title='bbox 584 1180 726 1212; x_wconf 88' lang='lat' dir='ltr'><strong>vestras,</strong></span> <span class='ocrx_word' id='word_1_137' title='bbox 758 1181 790 1206; x_wconf 86' lang='lat' dir='ltr'><strong>et</strong></span> <span class='ocrx_word' id='word_1_138' title='bbox 813 1173 934 1212; x_wconf 87' lang='lat' dir='ltr'><strong>altare,</strong></span> <span class='ocrx_word' id='word_1_139' title='bbox 970 1181 1002 1205; x_wconf 89' lang='lat' dir='ltr'><strong>et</strong></span> <span class='ocrx_word' id='word_1_140' title='bbox 1033 1172 1200 1206; x_wconf 87' lang='lat' dir='ltr'><strong>custodias</strong></span> <span class='ocrx_word' id='word_1_141' title='bbox 1222 1169 1383 1204; x_wconf 75' lang='lat' dir='ltr'><strong>taherna-</strong></span> 
     </span>
     <span class='ocr_line' id='line_1_19' title="bbox 249 1233 1382 1278; baseline -0.003 -10"><span class='ocrx_word' id='word_1_142' title='bbox 249 1235 326 1270; x_wconf 87' lang='lat' dir='ltr'><strong>culi.</strong></span> <span class='ocrx_word' id='word_1_143' title='bbox 370 1235 536 1268; x_wconf 82' lang='lat' dir='ltr'><strong>Mandata</strong></span> <span class='ocrx_word' id='word_1_144' title='bbox 562 1233 700 1278; x_wconf 86' lang='lat' dir='ltr'><strong>quidem</strong></span> <span class='ocrx_word' id='word_1_145' title='bbox 727 1243 816 1267; x_wconf 84' lang='lat' dir='ltr'><strong>certa</strong></span> <span class='ocrx_word' id='word_1_146' title='bbox 840 1243 918 1267; x_wconf 82' lang='lat' dir='ltr'><strong>sunt</strong></span> <span class='ocrx_word' id='word_1_147' title='bbox 942 1244 974 1268; x_wconf 89' lang='lat' dir='ltr'><strong>et</strong></span> <span class='ocrx_word' id='word_1_148' title='bbox 997 1233 1178 1274; x_wconf 82' lang='lat' dir='ltr'><strong>evidentia,</strong></span> <span class='ocrx_word' id='word_1_149' title='bbox 1200 1241 1240 1266; x_wconf 87' lang='lat' dir='ltr'><strong>ut</strong></span> <span class='ocrx_word' id='word_1_150' title='bbox 1264 1233 1382 1266; x_wconf 85' lang='lat' dir='ltr'><strong>obser-</strong></span> 
     </span>
     <span class='ocr_line' id='line_1_20' title="bbox 247 1294 1382 1336; baseline -0.003 -7"><span class='ocrx_word' id='word_1_151' title='bbox 247 1309 324 1330; x_wconf 80' lang='lat' dir='ltr'><strong>vare</strong></span> <span class='ocrx_word' id='word_1_152' title='bbox 348 1297 531 1330; x_wconf 86' lang='lat' dir='ltr'><strong>debeamus</strong></span> <span class='ocrx_word' id='word_1_153' title='bbox 556 1296 724 1330; x_wconf 84' lang='lat' dir='ltr'><strong>custodias</strong></span> <span class='ocrx_word' id='word_1_154' title='bbox 747 1296 975 1336; x_wconf 86' lang='lat' dir='ltr'><strong>tabernaculi,</strong></span> <span class='ocrx_word' id='word_1_155' title='bbox 1009 1304 1042 1329; x_wconf 83' lang='lat' dir='ltr'><strong>et</strong></span> <span class='ocrx_word' id='word_1_156' title='bbox 1065 1294 1197 1335; x_wconf 79' lang='lat' dir='ltr'><strong>altaris,</strong></span> <span class='ocrx_word' id='word_1_157' title='bbox 1219 1303 1252 1327; x_wconf 88' lang='lat' dir='ltr'><strong>et</strong></span> <span class='ocrx_word' id='word_1_158' title='bbox 1273 1307 1382 1328; x_wconf 83' lang='lat' dir='ltr'><strong>sacer—</strong></span> 
     </span>
     <span class='ocr_line' id='line_1_21' title="bbox 247 1356 1382 1402; baseline -0.003 -11"><span class='ocrx_word' id='word_1_159' title='bbox 247 1357 349 1392; x_wconf 90' lang='lat' dir='ltr'><strong>dotii:</strong></span> <span class='ocrx_word' id='word_1_160' title='bbox 376 1358 449 1402; x_wconf 89' lang='lat' dir='ltr'><strong>quis</strong></span> <span class='ocrx_word' id='word_1_161' title='bbox 474 1369 554 1391; x_wconf 87' lang='lat' dir='ltr'><strong>sane</strong></span> <span class='ocrx_word' id='word_1_162' title='bbox 577 1356 628 1396; x_wconf 88' lang='lat' dir='ltr'><strong>sit,</strong></span> <span class='ocrx_word' id='word_1_163' title='bbox 652 1358 710 1401; x_wconf 89' lang='lat' dir='ltr'><strong>qui</strong></span> <span class='ocrx_word' id='word_1_164' title='bbox 735 1358 908 1397; x_wconf 87' lang='lat' dir='ltr'><strong>observet,</strong></span> <span class='ocrx_word' id='word_1_165' title='bbox 940 1366 972 1390; x_wconf 85' lang='lat' dir='ltr'><strong>et</strong></span> <span class='ocrx_word' id='word_1_166' title='bbox 994 1356 1097 1390; x_wconf 79' lang='lat' dir='ltr'><strong>faciat</strong></span> <span class='ocrx_word' id='word_1_167' title='bbox 1121 1368 1179 1396; x_wconf 83' lang='lat' dir='ltr'><strong>ea,</strong></span> <span class='ocrx_word' id='word_1_168' title='bbox 1219 1368 1307 1400; x_wconf 88' lang='lat' dir='ltr'><strong>quae</strong></span> <span class='ocrx_word' id='word_1_169' title='bbox 1329 1368 1382 1390; x_wconf 85' lang='lat' dir='ltr'><strong>sa-</strong></span> 
     </span>
     <span class='ocr_line' id='line_1_22' title="bbox 247 1416 1383 1463; baseline -0.003 -11"><span class='ocrx_word' id='word_1_170' title='bbox 247 1418 442 1452; x_wconf 80' lang='lat' dir='ltr'><strong>cerdotibus</strong></span> <span class='ocrx_word' id='word_1_171' title='bbox 466 1419 626 1451; x_wconf 86' lang='lat' dir='ltr'><strong>mandata</strong></span> <span class='ocrx_word' id='word_1_172' title='bbox 650 1427 744 1451; x_wconf 89' lang='lat' dir='ltr'><strong>sunt:</strong></span> <span class='ocrx_word' id='word_1_173' title='bbox 770 1428 801 1451; x_wconf 90' lang='lat' dir='ltr'><strong>et</strong></span> <span class='ocrx_word' id='word_1_174' title='bbox 829 1419 902 1463; x_wconf 89' lang='lat' dir='ltr'><strong>quis</strong></span> <span class='ocrx_word' id='word_1_175' title='bbox 926 1417 984 1461; x_wconf 87' lang='lat' dir='ltr'><strong>sit,</strong></span> <span class='ocrx_word' id='word_1_176' title='bbox 1022 1417 1081 1463; x_wconf 87' lang='lat' dir='ltr'><strong>qui</strong></span> <span class='ocrx_word' id='word_1_177' title='bbox 1103 1426 1219 1450; x_wconf 89' lang='lat' dir='ltr'><strong>utatur</strong></span> <span class='ocrx_word' id='word_1_178' title='bbox 1242 1416 1383 1461; x_wconf 86' lang='lat' dir='ltr'><strong>quidem</strong></span> 
     </span>
     <span class='ocr_line' id='line_1_23' title="bbox 247 1476 1383 1524; baseline -0.003 -11"><span class='ocrx_word' id='word_1_179' title='bbox 247 1480 367 1514; x_wconf 86' lang='lat' dir='ltr'><strong>ordine</strong></span> <span class='ocrx_word' id='word_1_180' title='bbox 405 1489 437 1513; x_wconf 87' lang='lat' dir='ltr'><strong>et</strong></span> <span class='ocrx_word' id='word_1_181' title='bbox 465 1480 599 1512; x_wconf 87' lang='lat' dir='ltr'><strong>honore</strong></span> <span class='ocrx_word' id='word_1_182' title='bbox 629 1479 825 1520; x_wconf 86' lang='lat' dir='ltr'><strong>sacerdotii,</strong></span> <span class='ocrx_word' id='word_1_183' title='bbox 856 1493 962 1524; x_wconf 87' lang='lat' dir='ltr'><strong>opera</strong></span> <span class='ocrx_word' id='word_1_184' title='bbox 985 1492 1065 1512; x_wconf 86' lang='lat' dir='ltr'><strong>vero</strong></span> <span class='ocrx_word' id='word_1_185' title='bbox 1102 1487 1134 1511; x_wconf 89' lang='lat' dir='ltr'><strong>et</strong></span> <span class='ocrx_word' id='word_1_186' title='bbox 1155 1476 1383 1511; x_wconf 86' lang='lat' dir='ltr'><strong>ministerium</strong></span> 
     </span>
     <span class='ocr_line' id='line_1_24' title="bbox 246 1538 1380 1585; baseline -0.004 -10"><span class='ocrx_word' id='word_1_187' title='bbox 246 1541 425 1575; x_wconf 77' lang='lat' dir='ltr'><strong>sacerdotii</strong></span> <span class='ocrx_word' id='word_1_188' title='bbox 447 1554 521 1574; x_wconf 88' lang='lat' dir='ltr'><strong>non</strong></span> <span class='ocrx_word' id='word_1_189' title='bbox 547 1542 718 1581; x_wconf 84' lang='lat' dir='ltr'><strong>observet,</strong></span> <span class='ocrx_word' id='word_1_190' title='bbox 739 1542 798 1574; x_wconf 87' lang='lat' dir='ltr'><strong>ille</strong></span> <span class='ocrx_word' id='word_1_191' title='bbox 821 1542 913 1574; x_wconf 79' lang='lat' dir='ltr'><strong>solus</strong></span> <span class='ocrx_word' id='word_1_192' title='bbox 935 1554 1036 1574; x_wconf 88' lang='lat' dir='ltr'><strong>nosse</strong></span> <span class='ocrx_word' id='word_1_193' title='bbox 1057 1548 1182 1585; x_wconf 83' lang='lat' dir='ltr'><strong>potest,</strong></span> <span class='ocrx_word' id='word_1_194' title='bbox 1205 1538 1265 1584; x_wconf 84' lang='lat' dir='ltr'><strong>qui</strong></span> <span class='ocrx_word' id='word_1_195' title='bbox 1287 1552 1380 1572; x_wconf 88' lang='lat' dir='ltr'><strong>scru-</strong></span> 
     </span>
     <span class='ocr_line' id='line_1_25' title="bbox 247 1600 1401 1638; baseline -0.003 -2"><span class='ocrx_word' id='word_1_196' title='bbox 247 1612 336 1636; x_wconf 82' lang='lat' dir='ltr'><strong>tatur</strong></span> <span class='ocrx_word' id='word_1_197' title='bbox 367 1604 472 1636; x_wconf 81' lang='lat' dir='ltr'><strong>corda</strong></span> <span class='ocrx_word' id='word_1_198' title='bbox 497 1611 530 1636; x_wconf 85' lang='lat' dir='ltr'><strong>et</strong></span> <span class='ocrx_word' id='word_1_199' title='bbox 565 1616 671 1636; x_wconf 87' lang='lat' dir='ltr'><strong>renes.</strong></span> <span class='ocrx_word' id='word_1_200' title='bbox 726 1603 938 1636; x_wconf 83' lang='lat' dir='ltr'><strong>Mandantur</strong></span> <span class='ocrx_word' id='word_1_201' title='bbox 968 1600 1138 1636; x_wconf 84' lang='lat' dir='ltr'><strong>observari</strong></span> <span class='ocrx_word' id='word_1_202' title='bbox 1160 1613 1234 1634; x_wconf 91' lang='lat' dir='ltr'><strong>non</strong></span> <span class='ocrx_word' id='word_1_203' title='bbox 1266 1601 1401 1638; x_wconf 58' lang='lat' dir='ltr'><strong>solum2</strong></span> 
     </span>
     <span class='ocr_line' id='line_1_26' title="bbox 247 1663 1403 1768; baseline -0.003 -71"><span class='ocrx_word' id='word_1_204' title='bbox 247 1676 294 1704; x_wconf 83' lang='lat' dir='ltr'><strong>ea,</strong></span> <span class='ocrx_word' id='word_1_205' title='bbox 319 1677 406 1709; x_wconf 85' lang='lat' dir='ltr'><strong>quae.</strong></span> <span class='ocrx_word' id='word_1_206' title='bbox 429 1663 511 1697; x_wconf 85' lang='lat' dir='ltr'><strong>foris</strong></span> <span class='ocrx_word' id='word_1_207' title='bbox 534 1673 623 1704; x_wconf 88' lang='lat' dir='ltr'><strong>sunt,</strong></span> <span class='ocrx_word' id='word_1_208' title='bbox 646 1665 754 1709; x_wconf 85' lang='lat' dir='ltr'><strong>sed⁷)</strong></span> <span class='ocrx_word' id='word_1_209' title='bbox 777 1674 830 1706; x_wconf 88' lang='lat' dir='ltr'><strong>„et</strong></span> <span class='ocrx_word' id='word_1_210' title='bbox 855 1677 902 1703; x_wconf 85' lang='lat' dir='ltr'><strong>ea,</strong></span> <span class='ocrx_word' id='word_1_211' title='bbox 926 1663 1046 1708; x_wconf 87' lang='lat' dir='ltr'><strong>inquit,</strong></span> <span class='ocrx_word' id='word_1_212' title='bbox 1067 1672 1106 1696; x_wconf 87' lang='lat' dir='ltr'><strong>ut</strong></span> <span class='ocrx_word' id='word_1_213' title='bbox 1126 1670 1246 1696; x_wconf 80' lang='lat' dir='ltr'><strong>curent</strong></span> <span class='ocrx_word' id='word_1_214' title='bbox 1268 1667 1403 1768; x_wconf 58' lang='lat' dir='ltr'><strong>sacer-j</strong></span> 
     </span>
     <span class='ocr_line' id='line_1_27' title="bbox 339 1770 1402 1841; baseline -0.002 -22"><span class='ocrx_word' id='word_1_215' title='bbox 339 1785 375 1829; x_wconf 89' lang='lat'><strong>¹)</strong></span> <span class='ocrx_word' id='word_1_216' title='bbox 397 1787 502 1819; x_wconf 86' lang='lat' dir='ltr'><strong>Num.</strong></span> <span class='ocrx_word' id='word_1_217' title='bbox 527 1786 655 1827; x_wconf 80' lang='lat' dir='ltr'><strong>XVIII,</strong></span> <span class='ocrx_word' id='word_1_218' title='bbox 679 1788 708 1820; x_wconf 89' lang='lat'><strong>1.</strong></span> <span class='ocrx_word' id='word_1_219' title='bbox 732 1789 763 1821; x_wconf 72' lang='lat'><strong>2.</strong></span> <span class='ocrx_word' id='word_1_220' title='bbox 787 1787 820 1821; x_wconf 88' lang='lat'><strong>3.</strong></span> <span class='ocrx_word' id='word_1_221' title='bbox 916 1786 952 1830; x_wconf 84' lang='lat'><strong>²)</strong></span> <span class='ocrx_word' id='word_1_222' title='bbox 976 1785 1066 1820; x_wconf 82' lang='lat' dir='ltr'><strong>Edd.</strong></span> <span class='ocrx_word' id='word_1_223' title='bbox 1089 1785 1246 1820; x_wconf 85' lang='lat' dir='ltr'><strong>Merlini:</strong></span> <span class='ocrx_word' id='word_1_224' title='bbox 1269 1797 1355 1818; x_wconf 83' lang='lat' dir='ltr'><strong>suas.</strong></span> <span class='ocrx_word' id='word_1_225' title='bbox 1389 1770 1402 1841; x_wconf 49' lang='grc' dir='ltr'><strong>’ᾗ</strong></span> 
     </span>
    </p>
   </div>
   <div class='ocr_carea' id='block_1_3' title="bbox 337 1841 1401 1886">
    <p class='ocr_par' dir='ltr' id='par_1_4' title="bbox 337 1841 1401 1886">
     <span class='ocr_line' id='line_1_28' title="bbox 337 1841 1401 1886; baseline 0.001 -12"><span class='ocrx_word' id='word_1_226' title='bbox 337 1843 374 1886; x_wconf 83' lang='grc'><strong>3)</strong></span> <span class='ocrx_word' id='word_1_227' title='bbox 398 1843 531 1875; x_wconf 87' lang='lat' dir='ltr'><strong>Desunt</strong></span> <span class='ocrx_word' id='word_1_228' title='bbox 565 1843 682 1876; x_wconf 81' lang='lat' dir='ltr'><strong>verba:</strong></span> <span class='ocrx_word' id='word_1_229' title='bbox 715 1851 769 1882; x_wconf 92' lang='lat' dir='ltr'><strong>„et</strong></span> <span class='ocrx_word' id='word_1_230' title='bbox 802 1842 1009 1881; x_wconf 76' lang='lat' dir='ltr'><strong>custodias‚“</strong></span> <span class='ocrx_word' id='word_1_231' title='bbox 1039 1841 1076 1875; x_wconf 90' lang='lat' dir='ltr'><strong>in</strong></span> <span class='ocrx_word' id='word_1_232' title='bbox 1109 1843 1160 1875; x_wconf 89' lang='lat' dir='ltr'><strong>ed.</strong></span> <span class='ocrx_word' id='word_1_233' title='bbox 1193 1841 1311 1876; x_wconf 83' lang='lat' dir='ltr'><strong>Ruaei.</strong></span> <span class='ocrx_word' id='word_1_234' title='bbox 1334 1846 1401 1867; x_wconf 50' lang='lat'><strong>—‘³</strong></span> 
     </span>
    </p>
   </div>
   <div class='ocr_carea' id='block_1_4' title="bbox 246 1886 1401 1987">
    <p class='ocr_par' dir='ltr' id='par_1_5' title="bbox 246 1886 1401 1987">
     <span class='ocr_line' id='line_1_29' title="bbox 246 1886 1401 1933; baseline -0.016 -10"><span class='ocrx_word' id='word_1_235' title='bbox 246 1888 316 1922; x_wconf 87' lang='lat' dir='ltr'><strong>Cfr.</strong></span> <span class='ocrx_word' id='word_1_236' title='bbox 339 1889 441 1920; x_wconf 69' lang='lat' dir='ltr'><strong>Num.</strong></span> <span class='ocrx_word' id='word_1_237' title='bbox 465 1887 592 1928; x_wconf 83' lang='lat' dir='ltr'><strong>XVIII,</strong></span> <span class='ocrx_word' id='word_1_238' title='bbox 615 1889 649 1922; x_wconf 71' lang='lat'><strong>3,</strong></span> <span class='ocrx_word' id='word_1_239' title='bbox 1393 1886 1401 1933; x_wconf 46' lang='grc' dir='ltr'>ἶ</span> 
     </span>
     <span class='ocr_line' id='line_1_30' title="bbox 337 1941 1401 1987; baseline -0.012 -10"><span class='ocrx_word' id='word_1_240' title='bbox 337 1944 374 1986; x_wconf 70' lang='lat'><strong>⁴)</strong></span> <span class='ocrx_word' id='word_1_241' title='bbox 399 1943 490 1976; x_wconf 89' lang='lat' dir='ltr'><strong>Edd.</strong></span> <span class='ocrx_word' id='word_1_242' title='bbox 515 1941 673 1975; x_wconf 83' lang='lat' dir='ltr'><strong>Merlini:</strong></span> <span class='ocrx_word' id='word_1_243' title='bbox 698 1941 871 1987; x_wconf 87' lang='lat' dir='ltr'><strong>praecipit.</strong></span> <span class='ocrx_word' id='word_1_244' title='bbox 1396 1951 1401 1965; x_wconf 69' lang='grc' dir='ltr'><strong><em>ς</em></strong></span> 
     </span>
    </p>
   </div>
   <div class='ocr_carea' id='block_1_5' title="bbox 337 1995 1390 2043">
    <p class='ocr_par' dir='ltr' id='par_1_6' title="bbox 337 1995 1390 2043">
     <span class='ocr_line' id='line_1_31' title="bbox 337 1995 1390 2043; baseline -0.003 -12"><span class='ocrx_word' id='word_1_245' title='bbox 337 1999 373 2043; x_wconf 85' lang='lat'><strong>⁵)</strong></span> <span class='ocrx_word' id='word_1_246' title='bbox 397 1998 619 2031; x_wconf 80' lang='lat' dir='ltr'><strong>Desideratur</strong></span> <span class='ocrx_word' id='word_1_247' title='bbox 641 1998 866 2038; x_wconf 81' lang='lat' dir='ltr'><strong>‚,testimonii“</strong></span> <span class='ocrx_word' id='word_1_248' title='bbox 902 1998 935 2031; x_wconf 90' lang='lat' dir='ltr'><strong>in</strong></span> <span class='ocrx_word' id='word_1_249' title='bbox 970 1998 1021 2031; x_wconf 89' lang='lat' dir='ltr'><strong>ed.</strong></span> <span class='ocrx_word' id='word_1_250' title='bbox 1044 1997 1086 2030; x_wconf 84' lang='lat' dir='ltr'><strong>R.</strong></span> <span class='ocrx_word' id='word_1_251' title='bbox 1110 2014 1155 2021; x_wconf 92' lang='lat'>—</span> <span class='ocrx_word' id='word_1_252' title='bbox 1181 1995 1252 2029; x_wconf 83' lang='lat' dir='ltr'><strong>Cfr.</strong></span> <span class='ocrx_word' id='word_1_253' title='bbox 1275 1995 1390 2029; x_wconf 79' lang='lat' dir='ltr'><strong>Num.</strong></span> 
     </span>
    </p>
   </div>
   <div class='ocr_carea' id='block_1_6' title="bbox 242 2044 423 2083">
    <p class='ocr_par' dir='ltr' id='par_1_7' title="bbox 242 2044 423 2083">
     <span class='ocr_line' id='line_1_32' title="bbox 242 2044 423 2083; baseline -0.006 -6"><span class='ocrx_word' id='word_1_254' title='bbox 242 2044 423 2083; x_wconf 82' lang='lat' dir='ltr'><strong>XV111,2.</strong></span> 
     </span>
    </p>
   </div>
   <div class='ocr_carea' id='block_1_7' title="bbox 241 2097 1384 2273">
    <p class='ocr_par' dir='ltr' id='par_1_8' title="bbox 241 2097 1384 2273">
     <span class='ocr_line' id='line_1_33' title="bbox 335 2097 1378 2142; baseline -0.002 -11"><span class='ocrx_word' id='word_1_255' title='bbox 335 2100 372 2142; x_wconf 79' lang='grc'><strong>6)</strong></span> <span class='ocrx_word' id='word_1_256' title='bbox 396 2098 527 2131; x_wconf 89' lang='lat' dir='ltr'><strong>Verba:</strong></span> <span class='ocrx_word' id='word_1_257' title='bbox 561 2099 759 2138; x_wconf 77' lang='lat' dir='ltr'><strong>„observate</strong></span> <span class='ocrx_word' id='word_1_258' title='bbox 790 2098 958 2132; x_wconf 84' lang='lat' dir='ltr'><strong>custodias</strong></span> <span class='ocrx_word' id='word_1_259' title='bbox 982 2107 1122 2137; x_wconf 84' lang='lat' dir='ltr'><strong>vestras,</strong></span> <span class='ocrx_word' id='word_1_260' title='bbox 1145 2106 1178 2130; x_wconf 80' lang='lat' dir='ltr'><strong>et</strong></span> <span class='ocrx_word' id='word_1_261' title='bbox 1201 2097 1321 2136; x_wconf 78' lang='lat' dir='ltr'><strong>altare,</strong></span> <span class='ocrx_word' id='word_1_262' title='bbox 1346 2105 1378 2130; x_wconf 79' lang='lat' dir='ltr'><strong>et</strong></span> 
     </span>
     <span class='ocr_line' id='line_1_34' title="bbox 243 2142 1377 2186; baseline -0.004 -7"><span class='ocrx_word' id='word_1_263' title='bbox 243 2144 413 2179; x_wconf 81' lang='lat' dir='ltr'><strong>custodias</strong></span> <span class='ocrx_word' id='word_1_264' title='bbox 437 2143 680 2184; x_wconf 86' lang='lat' dir='ltr'><strong>tabernaculi,“</strong></span> <span class='ocrx_word' id='word_1_265' title='bbox 711 2144 747 2176; x_wconf 89' lang='lat' dir='ltr'><strong>in</strong></span> <span class='ocrx_word' id='word_1_266' title='bbox 772 2143 865 2176; x_wconf 87' lang='lat' dir='ltr'><strong>libris</strong></span> <span class='ocrx_word' id='word_1_267' title='bbox 891 2153 988 2177; x_wconf 86' lang='lat' dir='ltr'><strong>antea</strong></span> <span class='ocrx_word' id='word_1_268' title='bbox 1013 2142 1109 2176; x_wconf 88' lang='lat' dir='ltr'><strong>editis</strong></span> <span class='ocrx_word' id='word_1_269' title='bbox 1134 2142 1274 2182; x_wconf 84' lang='lat' dir='ltr'><strong>omissa,</strong></span> <span class='ocrx_word' id='word_1_270' title='bbox 1296 2155 1377 2186; x_wconf 86' lang='lat' dir='ltr'><strong>sup-</strong></span> 
     </span>
     <span class='ocr_line' id='line_1_35' title="bbox 241 2187 1384 2241; baseline -0.003 -18"><span class='ocrx_word' id='word_1_271' title='bbox 241 2191 377 2241; x_wconf 84' lang='lat' dir='ltr'><strong>plentur</strong></span> <span class='ocrx_word' id='word_1_272' title='bbox 400 2201 418 2221; x_wconf 85' lang='lat' dir='ltr'><strong>e</strong></span> <span class='ocrx_word' id='word_1_273' title='bbox 441 2187 521 2221; x_wconf 87' lang='lat' dir='ltr'><strong>Mss.</strong></span> <span class='ocrx_word' id='word_1_274' title='bbox 544 2187 585 2222; x_wconf 70' lang='lat' dir='ltr'><strong>R.</strong></span> <span class='ocrx_word' id='word_1_275' title='bbox 608 2207 653 2213; x_wconf 91' lang='lat'><strong>—-</strong></span> <span class='ocrx_word' id='word_1_276' title='bbox 676 2188 766 2222; x_wconf 87' lang='lat' dir='ltr'>Edd.</span> <span class='ocrx_word' id='word_1_277' title='bbox 791 2187 947 2224; x_wconf 85' lang='lat' dir='ltr'><strong>Merlini:</strong></span> <span class='ocrx_word' id='word_1_278' title='bbox 972 2187 1164 2230; x_wconf 80' lang='lat' dir='ltr'><strong>„custodias</strong></span> <span class='ocrx_word' id='word_1_279' title='bbox 1187 2196 1318 2228; x_wconf 83' lang='lat' dir='ltr'><strong>vestras,</strong></span> <span class='ocrx_word' id='word_1_280' title='bbox 1344 2190 1384 2219; x_wconf 76' lang='lat' dir='ltr'><strong>et‘</strong></span> 
     </span>
     <span class='ocr_line' id='line_1_36' title="bbox 242 2233 684 2273; baseline -0.007 -4"><span class='ocrx_word' id='word_1_281' title='bbox 242 2234 364 2273; x_wconf 79' lang='lat' dir='ltr'><strong>altaris,</strong></span> <span class='ocrx_word' id='word_1_282' title='bbox 389 2243 421 2266; x_wconf 80' lang='lat' dir='ltr'><strong>et</strong></span> <span class='ocrx_word' id='word_1_283' title='bbox 442 2233 661 2267; x_wconf 78' lang='lat' dir='ltr'><strong>tabernaculi</strong></span> <span class='ocrx_word' id='word_1_284' title='bbox 664 2238 684 2253; x_wconf 89' lang='lat'>“</span> 
     </span>
    </p>
   </div>
   <div class='ocr_carea' id='block_1_8' title="bbox 329 2287 701 2331">
    <p class='ocr_par' dir='ltr' id='par_1_9' title="bbox 329 2287 701 2331">
     <span class='ocr_line' id='line_1_37' title="bbox 329 2287 701 2331; baseline 0.005 -11"><span class='ocrx_word' id='word_1_285' title='bbox 329 2287 365 2331; x_wconf 83' lang='grc'><strong>7)</strong></span> <span class='ocrx_word' id='word_1_286' title='bbox 392 2287 494 2321; x_wconf 78' lang='lat' dir='ltr'>Num.</span> <span class='ocrx_word' id='word_1_287' title='bbox 520 2287 701 2329; x_wconf 83' lang='lat' dir='ltr'><strong>xv111,7</strong></span> 
     </span>
    </p>
   </div>
  </div>
 </body>
</html>
