1427 2460
177 104 246 140 348
660 103 838 137 Omcssms

179 195 296 237 diligat
320 195 523 235 castitatem,
559 207 684 228 errasse
707 209 743 229 se
774 194 914 233 defleat,
953 192 1182 239 poenitentiae
1210 194 1314 238 ipsius

180 257 326 292 lacrimis
350 256 461 289 uritur
485 265 516 287 et
543 255 736 288 incenditur
760 257 924 296 daemon,
956 264 988 289 et
1010 254 1057 288 sic
1082 254 1228 288 vindicta
1253 256 1313 288 da—

178 329 233 352 tur
256 319 291 351 in
317 317 527 362 deceptionis
553 326 739 352 auctorem.
794 317 960 351 Similiter
991 317 1089 350 etiam
1122 316 1150 350 si
1174 315 1247 361 quis
1272 317 1314 349 dc

177 379 335 424 superbia
361 381 403 412 ad
431 379 677 419 humilitatem,
702 379 745 412 de
756 379 973 423 „profusione
1004 380 1048 412 ad
1071 377 1316 424 parsimoniam

178 443 310 481 redeat,
334 454 396 486 per
421 442 503 474 haec
527 440 657 482 singula
684 441 881 480 daemones,
908 440 966 485 qui
989 454 1024 473 se
1046 441 1081 474 in
1107 442 1190 474 haec
1215 441 1314 474 dece-

177 513 316 548 perant,
340 503 488 546 flagellat
512 512 543 536 et
568 501 704 535 cruciat.
763 501 908 546 Quantis
941 516 997 536 eos
1021 502 1144 547 putatis
1169 502 1220 544 agi
1244 512 1316 536 tor-

177 565 309 605 mentis,
331 564 359 597 si
384 578 485 609 quem
510 564 655 604 videant,
679 566 867 597 secundum
895 565 1033 597 verbum
1054 565 1209 604 Domini,
1233 578 1314 599 ven-

182 629 264 661 dere
288 626 403 660 omnia
427 639 506 666 sua,
543 639 631 670 quae
654 625 823 671 possidet,
856 635 886 658 et
910 626 991 659 dare
1023 626 1249 671 pauperibus,
1285 636 1317 660 et

180 691 301 723 tollere
325 701 462 722 crucem
486 701 602 728 suam,
627 697 660 721 et
683 688 779 733 sequi
805 687 1006 721 Christum?
1063 687 1176 732 Super
1199 688 1316 722 omnia

180 765 261 784 vero
294 750 333 783 iis
367 760 413 783 est
441 759 693 782 tormentorum
719 762 860 791 genera,
900 759 932 782 et
961 763 1063 794 super
1087 763 1206 784 omnes
1229 763 1315 794 poe-

180 827 256 853 nas,
281 812 308 845 si
333 825 434 856 quem
457 811 593 844 videant
616 812 721 844 verbo
747 811 814 844 Dei
841 825 982 856 operam
1009 813 1108 852 dare·²
1142 811 1315 845 scientiam

180 875 314 908 divinae
344 874 425 915 legis
465 882 497 906 et
535 874 693 919 mysteria
734 873 989 917 Scripturarum
1028 874 1163 908 intentis
1199 874 1317 908 studiis

178 936 451 982 perquirentem:
484 935 520 968 in
543 935 610 967 hoc
636 948 755 967 eorum
783 935 894 967 omnis
919 935 1057 968 flamma
1090 945 1155 976 est,
1185 936 1221 969 in
1251 936 1316 970 isto

178 1007 326 1031 uruntur
348 996 525 1035 incendio,
563 996 726 1041 quoniam
758 995 894 1040 quidem
927 996 1139 1037 ignorantiae
1169 999 1317 1033 tenebris

180 1061 347 1093 humanas
378 1060 644 1091 obscuraverant
674 1067 820 1097 mentes,
857 1057 939 1103 et¹)
972 1059 1056 1092 hacc
1087 1052 1318 1101 obtinuerant,

180 1132 218 1156 ut
241 1122 336 1154 Deus
362 1119 499 1164 quidem
525 1120 757 1160 ignoraretur,
783 1121 822 1152 ad
849 1119 938 1164 ipsos
964 1133 1044 1154 vero
1070 1122 1184 1154 divini‘
1206 1122 1316 1156 cultus

182 1184 293 1218 studia
320 1183 590 1215 transferrentur.
639 1180 738 1224 Quae
762 1191 859 1226 putas
885 1183 918 1215 in
944 1181 1022 1215 illos
1046 1182 1194 1216 vindicta
1208 1184 1318 1224 datur,

181 1259 269 1290 quae
292 1245 438 1278 infertur
461 1242 500 1276 iis
524 1243 661 1275 flamma
686 1256 888 1287 poenarum,
914 1257 992 1276 cum
1016 1243 1132 1277 vident
1156 1244 1239 1278 haec
1263 1246 1315 1278 lu—

180 1308 273 1340 mine
297 1305 442 1339 veritatis
468 1304 607 1348 aperiri,
645 1314 675 1337 et
708 1306 836 1338 fraudis
867 1319 947 1339 suae
973 1306 1115 1340 nebulas
1138 1320 1201 1351 per
1224 1306 1316 1349 agni-

179 1370 308 1403 tionem
340 1367 420 1408 legis
453 1367 587 1399 divinae
616 1366 781 1399 reserari?
834 1367 1014 1401 Possident
1044 1370 1134 1402 enim
1167 1378 1318 1410 cunctos,

179 1431 238 1476 qui
261 1432 297 1464 in
321 1427 513 1471 ignoranti-‘1
536 1428 668 1460 vivunt:
706 1437 737 1460 et
761 1442 832 1461 non
858 1430 970 1462 solum
997 1431 1091 1471 illos,
1123 1430 1181 1476 qui
1206 1432 1316 1464 adhuc

179 1494 213 1526 in
238 1492 426 1534 ignorantia
451 1499 545 1529 sunt,
583 1490 642 1523 sed
674 1490 831 1532 ingerunt
860 1505 895 1524 se
919 1504 1018 1536 saepe
1045 1492 1143 1525 etiam
1167 1492 1225 1532 iis,
1258 1493 1317 1537 qui

180 1562 390 1598 agnoverunt
412 1553 546 1590 Deum,
570 1561 601 1584 et
626 1565 739 1585 rursus
765 1552 799 1584 in
824 1553 862 1586 iis
889 1566 993 1598 opera
1017 1554 1230 1595 ignorantiae
1256 1567 1316 1587 co—

180 1626 308 1650 nantur
340 1613 486 1659 operari.
550 1614 670 1658 Neque
706 1613 796 1646 enim
832 1615 904 1647 sine
943 1615 1022 1659 ipsis
1061 1625 1318 1649 consummatur

182 1691 286 1713 omne
309 1685 500 1722 peccatum.
557 1676 644 1707 Nam
678 1689 755 1708 cum
790 1677 993 1709 adulterium
1027 1677 1100 1722 quis
1127 1677 1317 1718 committit,
1344 1716 1351 1723 χ

180 1755 255 1774 non
281 1749 328 1774 est
353 1739 471 1782 utique
495 1737 566 1770 sine
592 1737 778 1769 daemone:
815 1740 865 1770 vel
900 1752 977 1772 cum
1009 1739 1058 1772 ira
1092 1738 1317 1773 immoderata

183 1811 354 1848 raptatur,
393 1801 445 1833 vel
471 1813 549 1832 cum
574 1798 691 1843 diripit
714 1797 840 1831 aliena:
880 1810 911 1832 et
936 1801 992 1845 qui
1017 1802 1136 1835 sedens
1160 1802 1318 1835 adversus

181 1865 375 1910 proximum
401 1875 499 1894 suum
527 1860 688 1901 detrahit,
715 1870 747 1893 et
771 1862 949 1894 adversum
973 1862 1081 1895 filiurn
1106 1863 1317 1896 matrissuae

181 1927 281 1972 ponit
302 1924 520 1963 scandalum,
544 1936 616 1956 non
643 1932 688 1956 est
711 1922 783 1955 sine
808 1922 987 1957 daemone.
1033 1924 1077 1958 Et
1099 1924 1178 1957 ideo
1205 1924 1316 1958 omni-

180 1987 335 2032 mode2)
369 1986 536 2029 agendum
564 1993 611 2018 est
634 1984 755 2025 nobis,
789 1997 832 2017 ue
865 1987 952 2018 sorte
976 1986 1221 2033 Aegyptiorum
1246 1986 1316 2030 pri-

152 2057 156 2063 '
180 2049 368 2093 mogenita,
399 2048 451 2080 vel
485 2047 566 2080 deos
591 2059 729 2085 eorum,
773 2059 859 2091 quos
889 2047 1062 2080 Dominus
1093 2047 1256 2092 percussit
1285 2056 1319 2079 et

181 2112 350 2150 exstinxit,
383 2108 619 2142 resuscitemus
642 2107 679 2140 in
702 2107 821 2148 nobis,
858 2108 884 2141 si
908 2108 947 2141 iis
971 2110 1087 2143 locum
1113 2108 1317 2148 dederimus,

278 2222 314 2264 ¹)
337 2220 426 2253 Edd.
453 2218 607 2252 Merlini:
633 2228 665 2252 et
688 2233 752 2263 per
775 2221 858 2253 haec
883 2230 943 2255 etc.

276 2277 313 2321 ²)
336 2275 428 2309 Edd.
450 2274 608 2308 Merlini:
635 2275 730 2309 omni
755 2278 872 2310 modo.
