1427 2460
249 104 319 140 290
428 105 608 140 omssms
630 114 668 140 m
691 106 871 141 Nummos
894 105 1056 142 HomnA
1079 107 1210 144 xxm.

253 199 296 232 ab
322 210 427 232 onere
450 196 569 236 carnis,
592 196 770 242 pulsamur
791 209 810 230 a
831 197 1115 243 concupiscentiis
1129 198 1212 245 ejus,
1235 199 1390 246 curisque

254 271 288 295 et
319 259 607 295 sollicitudinibus
635 259 861 293 terebramur.
908 260 1116 306 „Corpus¹)
1147 261 1238 296 enim
1269 275 1390 295 corru-

253 323 420 369 ptibile‚“
445 340 488 346 —
510 329 550 353 ut
579 320 624 353 ait
651 320 712 353 ille
739 320 1014 365 sapientissimus,
1036 342 1082 347 —
1104 332 1288 366 „aggravat
1318 323 1391 357 ani-

254 397 365 424 mam,
397 393 430 416 et
452 381 613 428 deprimit
632 394 768 416 sensum
793 383 901 417 multa
924 384 1138 428 cogitantem.
1148 389 1168 405 “
1213 384 1266 418 Ex
1294 393 1392 429 parte

254 460 334 489 ergo
357 445 393 479 in
418 445 486 478 hoc
508 444 642 478 mundo
663 445 773 479 sancti
795 454 899 488 agunt
921 445 1011 480 diem
1034 448 1169 488 festum,
1193 445 1272 492 quia
1296 456 1330 480 et
1353 459 1393 480 ex

254 518 351 554 parte
373 507 503 547 sciunt,
534 516 568 540 et
591 520 630 540 ex
653 516 751 552 parte
773 508 990 553 prophetant.
1039 508 1128 542 Cum
1152 517 1266 543 autem
1289 520 1392 541 vene-

253 571 338 610 rint,
371 582 458 615 quae
487 569 639 615 perfecta
661 578 750 610 sunt,
772 570 987 603 destruentur
1008 570 1090 611 ista,
1119 582 1207 615 quae
1230 583 1268 603 ex
1295 578 1394 615 parte

252 642 339 666 sunt.
388 631 486 667 Sicut
509 631 600 665 enim
624 631 795 676 perfectae
818 630 974 665 scientiae
999 631 1090 666 cedit
1116 633 1199 673 ista,
1233 644 1321 677 quae
1353 643 1393 665 ex

252 704 349 741 parte
373 704 431 735 est,
453 703 487 727 et
508 694 679 738 perfectae
701 693 904 738 prophetiae
927 694 1016 727 cedit
1037 696 1109 735 ista,
1133 706 1219 739 quae
1244 707 1282 727 ex
1295 702 1393 738 parte

254 767 319 791 est:
343 756 388 790 ita
412 765 445 789 et
467 757 639 801 perfectae
662 754 830 790 festivitati
853 755 942 790 cedit
963 756 1035 797 ista,
1060 770 1147 802 quae
1171 769 1210 789 ex
1227 764 1325 801 parte
1345 764 1393 789 est

252 819 420 854 festivitas.
466 818 587 863 Neque
612 817 702 851 enim
727 818 822 863 quod
847 819 1038 863 perfectum
1064 828 1129 859 est,
1158 819 1308 851 mundus
1331 817 1393 850 iste

253 894 376 928 capere
399 888 529 927 potest,
560 880 641 921 ubi,
664 889 702 913 ut
725 879 886 921 diximus,
917 882 1096 915 necessitas
1119 880 1275 926 corporis
1298 892 1392 913 nunc

253 945 381 985 cibum,
403 956 496 978 nunc
519 951 657 987 potum,
687 955 782 975 nunc
805 954 966 976 somnum
989 942 1150 986 suggerit,
1173 954 1267 975 nunc
1290 941 1392 975 etiam

252 1015 556 1052 quantamcunque
586 1003 776 1038 necessario
813 1005 899 1038 vitae
921 1003 1104 1050 praesentis
1127 1002 1394 1039 sollicitudinem

252 1077 386 1102 movet:
420 1079 508 1112 quae
539 1067 655 1100 omnia
685 1066 940 1111 interrumpunt
968 1066 1041 1101 sine
1072 1067 1180 1101 dubio
1212 1066 1392 1100 continua-

251 1130 381 1164 tionem
404 1127 589 1163 festivitatis
614 1128 692 1161 Dei.
740 1127 830 1161 Cum
854 1138 968 1161 autem
1000 1128 1129 1162 venerit
1159 1129 1265 1168 illud,
1296 1127 1391 1172 quod

253 1192 384 1225 dictum
406 1198 457 1224 est
480 1190 524 1224 de
546 1190 598 1231 iis,
623 1190 683 1235 qui
705 1189 928 1224 restituuntur
950 1189 987 1223 in
1010 1199 1136 1231 sancta,
1158 1209 1201 1216 —
1224 1191 1254 1225 si
1275 1198 1391 1224 tamen

253 1262 287 1287 et
310 1266 375 1288 nos
398 1265 438 1286 ex
467 1252 507 1286 iis
539 1264 610 1286 esse
639 1264 854 1293 mereamur,
887 1251 947 1296 qni
977 1251 1177 1287 restituendi
1205 1261 1301 1292 sunt,
1332 1251 1391 1296 qui

250 1327 365 1360 neque
387 1313 552 1354 esurient,
582 1327 695 1360 neque
717 1314 846 1354 sitient,
868 1326 980 1359 neque
1003 1314 1258 1355 dormitabunt,
1280 1326 1394 1360 neque
1426 1323 1427 1340 i

251 1377 480 1416 laborabunt,
516 1376 576 1411 sed
606 1385 706 1410 erunt
735 1374 930 1421 pervigiles,
968 1375 1055 1410 sicut
1091 1376 1293 1419 angelorum
1323 1375 1392 1409 vita

251 1437 391 1483 pervigil
414 1438 538 1471 dicitur
561 1451 624 1471 -τ
656 1450 734 1471 cum
757 1437 794 1471 in
815 1437 915 1471 illum
948 1437 1104 1471 ordinem
1128 1437 1258 1471 restitui
1280 1450 1392 1470 mere-

251 1501 379 1541 bimur,
402 1509 484 1533 tunc
507 1499 572 1532 erit
594 1512 683 1539 vera,
708 1507 741 1532 et
762 1498 963 1544 incorrupta
986 1499 1154 1539 festivitas,
1178 1498 1274 1545 cujus
1298 1497 1389 1532 festi-

252 1561 360 1596 vitatis
390 1561 550 1607 princeps
581 1569 613 1594 et
642 1573 788 1605 sponsus
821 1570 854 1594 et
884 1560 1045 1595 dominus
1082 1560 1146 1595 erit
1180 1561 1253 1606 ipse
1290 1561 1390 1595 Jesus

255 1623 407 1657 Christus
432 1623 589 1657 Salvator
611 1631 745 1661 noster,
776 1622 830 1656 cui
859 1631 908 1657 est
937 1623 1063 1666 gloria,
1092 1632 1125 1657 et
1147 1621 1329 1669 imperium
1352 1622 1389 1656 in

252 1685 386 1719 saecula
408 1684 638 1720 saeculorum.
686 1683 813 1717 Amen!

352 1846 386 1889 ¹)
409 1845 489 1891 Sap.
513 1846 690 1880 Salomon.
716 1845 776 1885 lx,
799 1845 852 1881 15.
901 1822 905 1826 Ι
