1427 2460
209 57 275 93 190
690 57 866 92 Onmnms

207 147 357 180 vissimus
380 146 535 180 inimicus
560 148 752 181 destruatur
776 162 887 189 mors,
924 157 955 181 et
978 158 1140 193 tanquam
1165 149 1338 186 unicornis

207 222 315 242 unum
342 208 496 241 omnium
522 221 667 251 regnum
693 219 806 243 teneat
831 209 1003 250 Christus,
1027 212 1122 256 quia,
1145 211 1231 245 sicut
1257 214 1340 253 scri-

205 280 303 316 ptum
331 279 394 302 est:
419 270 534 311 „regni
550 270 583 315 ¹)
609 269 680 316 ejus
697 285 770 304 non
787 271 848 305 erit
862 273 968 306 finis.“
1014 272 1090 306 Erit
1106 286 1198 316 ergo,
1219 273 1340 319 inquit,

207 333 256 372 ei,
287 332 354 364 hoc
380 339 442 370 cst,
478 331 593 365 Israeli
616 331 665 365 illi
689 333 871 377 spirituali,
904 334 1028 376 gloria,
1052 335 1139 368 sicut
1163 345 1211 369 est
1232 336 1340 379 gloria

204 392 390 426 unicornis.
438 392 494 426 Sic
520 393 609 426 enim
634 404 667 427 et
691 395 761 439 ipsc
784 394 820 428 in
844 395 1028 438 Evangelio
1045 396 1218 431 Dominus
1243 398 1339 432 dicit:

204 455 393 499 „Pater,²)
433 456 474 488 da
499 454 582 495 illis,
619 466 657 489 ut
679 456 765 489 sicut
789 469 851 499 ego
877 466 909 490 et
931 466 968 490 tu
991 471 1100 491 unum
1123 472 1258 500 sumuS,
1293 460 1340 494 ita

205 527 238 550 et
262 517 316 549 isti
339 517 374 549 in
400 515 499 549 nobis
523 531 631 550 unum
656 518 753 552 sint.¹‘
801 518 844 551 Et
867 518 945 552 ideo
971 519 1087 553 similis
1109 521 1217 562 gloria
1242 521 1339 555 dabi-

202 588 259 611 tur
282 578 408 617 Israeli,
434 578 519 612 sicut
544 589 591 611 est
614 579 720 621 gloria
746 580 931 620 unicornis,
954 581 1098 614 maxime
1122 595 1202 614 cum
1226 591 1337 616 trans-

202 641 412 685 formabit³>
449 654 573 685 corpus
611 641 809 675 humilitatis
832 651 969 676 nostrae
993 643 1174 676 conforme
1199 643 1339 689 corpori

203 702 330 744 gloriae
356 715 445 735 suae.

292 765 323 797 7.
348 761 500 807 ,‚N0n4)
526 763 589 796 erit
613 764 789 806 auguratio
816 765 851 797 in
874 765 1004 805 Jacob,
1039 778 1152 811 neque
1175 766 1337 801 divinatio

203 825 240 859 in
266 825 389 858 Israel:
426 825 460 857 in
497 835 654 870 tempore
689 826 820 858 dicetur
844 827 887 859 ad
911 827 1023 860 Jacob
1049 837 1081 860 et
1102 827 1223 870 Israel,
1255 828 1339 874 quid

199 887 354 933 perficiet
386 887 513 919 Deus.“
573 886 679 929 Igitur
712 887 873 932 quoniam
907 889 1015 921 visum
1049 898 1096 922 est
1125 888 1196 934 jam
1225 890 1339 931 nobis,

200 949 393 993 diligentius
419 950 461 981 de
484 948 621 991 singulis
646 949 839 994 quibusque
863 950 1049 990 discutere,
1072 963 1145 983 non
1168 950 1338 985 videbitur

199 1012 399 1050 absurdum,
423 1009 450 1043 si
475 1009 572 1043 etiam
598 1010 681 1055 quid
703 1010 746 1044 sit
768 1010 956 1054 auguratio,
979 1011 1033 1044 vel
1050 1011 1225 1053 divinatio,
1249 1025 1337 1058 quo-

199 1072 292 1106 niam
318 1072 456 1116 quidem
481 1071 820 1116 placuitScripturae
843 1085 1118 1106 commemorare
1140 1075 1184 1107 de
1206 1073 1264 1114 iis,
1293 1087 1338 1107 ne

201 1136 274 1179 quis
304 1135 393 1166 forte
428 1133 627 1174 ignoranter
657 1132 691 1165 in
717 1134 802 1166 haec
825 1134 969 1174 incidat,
1005 1135 1228 1179 requiramus.
1272 1135 1336 1169 Vi-

199 1198 299 1230 detur
323 1207 403 1237 ergo
428 1194 513 1227 mihi
537 1195 737 1228 futurorum
762 1195 1002 1240 praescientia,
1026 1206 1191 1241 quantum
1216 1198 1261 1231 ad
1282 1196 1336 1242 ip-

197 1271 267 1291 sam
291 1270 362 1290 rem
387 1265 533 1301 spectat,
570 1257 723 1290 medium
750 1256 915 1301 quiddam
941 1270 1029 1299 esse,
1063 1258 1099 1291 id
1124 1267 1191 1299 est,
1222 1272 1337 1304 neque

196 1318 338 1366 proprie
369 1319 524 1358 bonum,
560 1330 672 1362 neque
696 1319 839 1362 proprie
862 1309 1012 1352 malum:
1053 1320 1334 1365 quandoquidem

197 1389 310 1426 potest
332 1379 506 1412 interdum
529 1380 629 1412 etiam
656 1393 673 1412 a
698 1388 794 1424 parte
818 1380 947 1412 diaboli
972 1382 1015 1413 ad
1040 1381 1219 1415 hominum
1244 1382 1334 1415 noti-

196 1441 278 1475 tiam
311 1442 508 1474 futurorum
540 1441 655 1473 venire
686 1441 918 1485 praescientia.
974 1441 1056 1476 Sine
1088 1443 1194 1476 dubio
1219 1452 1334 1477 autem

197 1517 276 1537 cum
300 1512 434 1547 tempus
458 1511 490 1534 et
515 1502 751 1546 opportunitas
775 1503 896 1546 poscit,
921 1513 952 1536 et
968 1505 1124 1547 voluntas
1139 1503 1207 1537 Dei
1221 1504 1334 1546 fuerit,

197 1566 299 1599 datur
323 1565 422 1597 etiam
446 1576 464 1595 a
481 1563 559 1595 Deo
583 1576 645 1608 per
662 1564 847 1608 prophetas
872 1564 1070 1598 hominibus
1095 1565 1335 1611 praescientssa;

196 1637 230 1660 et
251 1627 331 1660 ideo
356 1625 517 1665 diximus,
556 1625 636 1669 quia
662 1638 774 1670 neque
797 1625 939 1670 proprie
962 1627 1095 1660 bonum
1121 1628 1188 1662 dici
1210 1637 1333 1673 potest,

195 1688 292 1733 quod
328 1687 512 1731 aliquando
546 1699 565 1719 a
598 1687 690 1719 malo
724 1687 832 1720 venit:
871 1701 984 1732 neque
1020 1689 1162 1733 proprie
1191 1690 1332 1731 malum,

195 1750 291 1795 quod
323 1748 507 1793 aliquando
544 1762 562 1781 a
586 1748 663 1781 Deo
700 1748 884 1782 descendit.
937 1749 983 1782 Et
1011 1750 1166 1794 quamvis
1198 1752 1242 1785 de
1265 1752 1332 1786 hoc
1384 1756 1386 1759 ’

194 1812 411 1845 abundanter
447 1810 549 1843 etiam
585 1823 622 1842 cx
647 1810 820 1854 s‹·ripturis
845 1810 965 1844 divinis
990 1813 1143 1857 exempla
1166 1813 1331 1858 suppedi-
1382 1814 1384 1817 ’

195 1882 284 1912 tent,
319 1873 475 1905 sufficere
500 1881 614 1904 tamen
640 1871 823 1912 credimus,
857 1872 885 1905 si
908 1882 1045 1906 utamur
1071 1886 1132 1914 eo,
1168 1875 1264 1918 quod
1294 1876 1331 1908 in
1380 1887 1382 1889 ’

195 1935 394 1976 Regnorum
418 1933 508 1965 libro
531 1932 696 1977 scriptum
721 1933 878 1974 legimus:
910 1934 970 1967 ubi
1001 1947 1078 1967 arca
1102 1935 1170 1968 Dei
1201 1937 1243 1969 ab
1269 1938 1330 1970 Al-

194 1994 343 2041 lophylis
367 2003 464 2039 capta
490 2003 555 2033 est,
592 2002 623 2026 et
648 1994 792 2027 deducta
818 1993 852 2027 in
879 1985 1043 2036 Azotum,
1068 2005 1104 2040 et·
1123 1997 1172 2029 ibi
1197 1998 1329 2040 „intro-

290 2127 325 2170 ¹)
350 2128 429 2159 Luc.
455 2127 480 2166 I,
503 2130 559 2163 33.
764 2127 799 2172 ²)
826 2129 885 2162 Ev.
910 2130 1036 2164 Joann.
1063 2130 1172 2171 XVII,
1195 2131 1249 2165 21.

287 2183 323 2226 3)
349 2181 419 2214 Csr.
444 2182 592 2227 Philipp.
618 2184 688 2223 llI,.
704 2185 757 2218 21.

290 2237 327 2281 ¹²)
350 2238 450 2270 Num.
477 2238 605 2277 XXIII,
629 2241 683 2274 23.

1395 553 1408 634 ²4,

1403 645 1409 694 ³.

1390 754 1410 818 1
