1427 2460
211 67 280 103 206
689 63 867 98 Omems

211 156 444 202 appellantur,
480 162 511 186 et
533 153 608 192 ille,
642 166 744 198 quem
774 153 901 187 Paulus
937 165 1071 188 sensum
1112 153 1221 187 carnis
1254 155 1345 197 dicit,

213 232 291 252 cum
316 217 363 250 ait
393 217 436 248 de
467 217 635 259 quodam:
671 216 815 255 „frustra
835 216 868 259 ¹)
896 214 1032 249 inflatus
1067 229 1084 249 a
1109 228 1208 249 sensu
1238 217 1346 252 caruis

210 283 320 314 suae.“
381 277 437 309 De
469 276 539 310 istis
570 278 673 310 credo
709 277 817 311 oculis
851 277 952 310 etiam
987 290 1126 322 serpens
1158 277 1280 311 dixerit
1304 280 1348 312 ad

211 343 330 380 Evam,
355 340 434 385 quia
459 339 588 372 sciebat
611 338 794 379 Dominus,
821 340 913 384 qnod
927 339 964 383 ²)
988 340 1045 379 „in
1070 353 1274 385 quacunque
1293 340 1349 375 die

209 401 493 438 manducaveritis
518 414 555 434 ex
582 410 634 441 eo,
661 401 856 445 aperientur
881 402 972 434 oculi
996 402 1129 436 vestri.“
1175 402 1221 435 Et
1242 404 1347 447 paulo

210 475 304 511 post:
338 463 440 505 „et³)
476 463 784 501 manducaverunt,
808 462 937 507 inquit,
970 473 1001 497 et
1025 464 1132 509 aperti
1155 473 1233 499 sunt
1257 465 1349 497 oculi

210 530 365 561 eorum.⁴‘
410 525 482 558 Nisi
507 524 597 557 enim
623 534 729 558 essent
752 524 964 558 differentiae
990 526 1192 567 oculorum,
1233 535 1265 559 et
1291 525 1348 559 alii

211 598 339 629 essent,
377 586 434 632 qui
470 600 532 631 per·
569 586 894 631 praevaricationem
928 587 1187 632 aperientur,⁴)
1220 597 1251 621 et
1281 587 1349 628 alii,

211 650 334 696 quibus
368 649 534 682 videbant
566 649 676 681 Adam
703 657 735 680 et
759 648 847 689 Eva,
885 658 1067 694 antequam
1100 649 1153 682 isti
1178 650 1351 695 aperiren-

210 722 286 751 tur,
321 723 500 755 nunquam
536 711 654 754 utique
686 709 859 754 Scriptura
891 712 1050 744 nondum
1088 711 1212 756 apertis
1244 711 1350 746 oculis

211 787 351 812 eorum,
383 772 464 812 illis,
499 770 556 816 qui
582 785 619 804 ex
644 771 933 816 praevaricatione
956 772 1113 817 patefacti
1136 782 1232 815 sunt,
1257 774 1349 807 dice-

208 846 275 870 ret:
301 834 402 879 „et⁵)
426 833 508 867 vidit
530 834 672 873 mulier,
697 834 775 878 quia
799 834 933 867 bonum
959 844 1007 868 est
1029 835 1159 877 lignum
1185 836 1228 868 ad
1252 848 1349 868 man-

210 898 427 936 ducandum,
460 904 493 928 et
516 905 648 938 gratum
674 896 781 928 oculis
806 897 849 929 ad
873 896 1078 937 videndum,
1103 905 1134 929 et
1156 886 1350 941 speciosum

211 970 260 993 est
284 961 327 992 ad
352 958 657 991 considerandum:
690 966 722 990 et
747 957 915 1002 accipiens
940 958 984 991 de
1007 958 1099 999 ligno
1123 958 1350 999 manducavit,

210 1031 243 1054 et
271 1020 365 1054 dedit
395 1018 468 1052 viro
500 1031 562 1052 suo
596 1031 731 1059 secum,
768 1028 800 1052 et
833 1021 1143 1060 manducaverunt,
1179 1029 1211 1053 et
1241 1020 1350 1064 aperti

210 1092 289 1116 sunt
326 1081 417 1115 oculi
453 1080 677 1112 amborum.“
740 1079 932 1123 Quomodo
970 1081 1078 1121 enim,
1119 1082 1147 1115 si
1188 1082 1349 1115 nondum

208 1145 316 1189 aperti
339 1143 475 1175 fuerant
499 1141 589 1174 oculi
613 1142 815 1184 amborum,
840 1142 923 1176 vidit
945 1142 1088 1182 mulier,
1113 1142 1192 1187 quia
1215 1138 1349 1176 boisum

209 1215 294 1240 esset
317 1205 449 1247 lignum
479 1204 521 1236 ad
545 1203 845 1243 manducandum,
881 1214 913 1237 et
936 1213 1067 1246 gratum
1100 1205 1206 1238 oculis
1231 1205 1275 1237 ad
1299 1203 1347 1237 vi-

209 1266 386 1301 flendum?
422 1266 614 1310 quibusque
652 1264 751 1297 etia'm
793 1265 900 1298 oculis
943 1265 1186 1310 speciosumff)
1225 1265 1350 1300 dicitur

207 1328 310 1362 fuisse
335 1328 378 1361 ad
403 1325 714 1360 considerandum?
760 1326 830 1358 Sed
866 1338 927 1367 ego
963 1326 1104 1359 audiens
1125 1340 1244 1360 vocem
1267 1327 1346 1361 Do-

206 1388 291 1423 mini
314 1388 383 1421 rnei
405 1388 487 1421 Jesu
514 1387 657 1428 Christi,
692 1397 723 1420 et
746 1387 905 1420 virtutem
931 1387 1091 1421 bonitatis
1125 1382 1195 1434 eju}
1219 1388 1345 1423 intelli-

209 1463 306 1493 gens,
339 1451 384 1483 ita
410 1451 548 1483 adverto
580 1449 685 1488 illud,
717 1450 812 1494 quod
837 1448 933 1481 dicit:
959 1450 1014 1489 „in
1030 1450 1066 1492 ⁷)
1090 1449 1255 1494 judicium
1283 1463 1345 1492 ego

208 1512 285 1546 veni
309 1512 345 1545 in
369 1512 461 1545 hune
485 1511 670 1550 mundum,
706 1519 744 1542 ut
776 1524 848 1543 non
873 1511 1023 1544 videntes
1048 1511 1201 1552 videant,
1240 1521 1272 1545 et
1296 1512 1344 1545 vi-

208 1576 324 1608 dentes
349 1573 440 1607 caeci
465 1574 593 1606 fiant:“
618 1572 714 1616 quod
737 1572 773 1604 in
797 1571 1037 1616 peccatoribus
1061 1585 1135 1606 non
1157 1572 1273 1607 vident
1295 1574 1345 1608 illi

209 1635 318 1678 oculi,
345 1635 402 1681 qui
426 1634 584 1668 meliores
607 1641 703 1673 sunt,
727 1634 785 1666 sed
811 1633 843 1673 ii,
869 1634 927 1678 qui
951 1647 1066 1669 sensus
1091 1634 1201 1668 carnis
1225 1636 1344 1680 appel-

207 1700 340 1738 lantur,
378 1707 409 1732 et
436 1696 493 1742 qui
519 1695 661 1729 consilio
686 1695 848 1739 serpentis
873 1695 981 1739 aperti
1004 1705 1091 1730 sunt.
1140 1696 1239 1741 Opus
1263 1710 1343 1740 ergo

206 1759 425 1803 magnificum
451 1758 634 1793 Salvatoris
664 1756 771 1789 nostri
795 1755 940 1789 Domini
966 1766 1032 1798 est,
1062 1767 1101 1791 ut
1123 1758 1164 1798 ii,
1190 1758 1249 1803 qui
1272 1772 1344 1792 non

206 1821 323 1855 vident
351 1819 550 1854 melioribus
580 1819 703 1858 oculis,
735 1831 821 1862 quae
845 1820 938 1852 bona
960 1828 1056 1859 sunt,
1087 1821 1147 1854 sed
1172 1820 1253 1859 illis.
1286 1821 1342 1865 qui

303 1973 332 2015 ¹)
358 1970 490 2005 Coloss.
516 1971 559 2011 II,
582 1971 639 2005 18.
846 1970 884 2013 2)
910 1969 1031 2003 Genes.
1059 1970 1116 2010 ΙΙΙ,
1139 1971 1170 2003 5.

300 2027 334 2070 ³)
363 2027 485 2059 Genes.
512 2027 571 2066 III,
595 2027 626 2061 6.
652 2027 683 2061 7.

299 2082 336 2127 4)
359 2083 449 2115 Edd.
475 2082 630 2116 Merlini:
657 2082 867 2127 aperiuntur.

300 2139 337 2183 ⁵)
362 2139 485 2172 Genes.
512 2139 572 2179 III,
597 2139 628 2172 6.
655 2139 685 2172 7.

299 2193 337 2236 6)
359 2194 448 2228 Edd.
474 2193 630 2226 Merlini:
657 2203 690 2226 et
712 2193 916 2238 speciosum.

302 2249 339 2293 ⁷)
362 2249 423 2283 Ev.
448 2249 572 2283 Joann.
597 2249 657 2287 IX,
681 2249 734 2284 39.
