1427 2460
262 82 329 117 122
746 76 926 111 Omanms

258 171 311 213 sit,
336 170 395 215 qui
416 182 508 203 nunc
541 168 578 201 in
607 167 729 212 spiritu
754 167 963 207 sanctificat,
998 180 1090 200 nunc
1113 167 1341 202 sanctificatur
1362 169 1397 203 in
1426 178 1427 187 ¹

258 245 369 267 carne.
418 233 472 264 Ab
507 230 666 264 omnibus
698 242 777 272 ergo
810 230 977 265 fructibus
1010 229 1236 263 sanctificatae
1264 239 1398 264 sanctae

257 305 334 330 sunt
359 293 559 326 offerendae
581 291 760 336 primitiae,
786 292 845 324 sed
861 291 1027 336 spirituali
1043 290 1208 336 pontifici,
1248 291 1298 324 Ex
1321 292 1396 336 qui-

255 358 320 389 bus
356 368 435 396 ergo
466 353 633 387 fructibus
662 352 852 397 spirituales
875 353 1039 397 primitias
1064 352 1272 386 offeremus?
1303 353 1395 387 Audi

256 427 342 462 quot
364 418 492 450 fructus
517 423 691 448 enumeret
716 416 918 459 Apostolus:
953 415 1152 458 „fructus¹)
1183 424 1294 448 autem
1323 416 1392 460 spi-

254 480 338 512 ritus
364 488 410 513 est
428 478 557 516 caritas,
581 476 753 519 gaudium,
777 489 852 520 pax,
875 476 1067 521 patientia,“
1091 486 1123 510 et
1140 484 1261 510 cetera.
1296 476 1391 520 Quas

253 541 355 582 igitur
376 539 543 585 primitias
568 553 607 572 ex
632 538 774 572 caritatis
797 540 922 579 fructu,
947 538 1005 582 qui
1028 538 1158 582 primus
1192 547 1241 572 est
1261 538 1391 572 fructus

251 602 398 647 spiritus,
423 602 608 635 offeramus
621 601 658 644 ²)
689 614 768 634 vero
799 599 983 645 pontifici?
1012 600 1091 633 Illas
1123 613 1185 642 ego
1211 609 1295 645 puto
1321 613 1390 634 esse

251 663 415 708 primitias
439 663 600 703 caritatis,
632 672 670 696 ut
694 662 830 705 diligam
855 662 1048 697 Dominum
1073 662 1188 695 Deum
1210 675 1327 694 meum
1351 675 1389 694 ex

250 735 324 758 toto
351 726 456 758 corde
477 738 570 766 meo,
594 735 626 758 et
650 738 687 757 ex
710 734 782 758 tota
807 723 918 758 anima
941 737 1034 764 mea,
1065 733 1096 757 et
1118 732 1158 755 ‘ex
1181 732 1252 757 tota
1274 733 1388 756 mente

248 800 336 820 mea.
374 787 459 821 Istae
482 797 559 820 sunt
583 786 762 831 primitiae.
802 785 898 830 Quid
922 796 1034 819 autem
1059 795 1116 825 est,
1140 786 1236 830 quod
1260 798 1299 818 ex
1320 785 1385 819 isto

249 848 394 882 caritatis
417 850 530 881 fructu
554 849 705 882 secundo
728 849 807 881 loco
833 849 959 881 habere
983 847 1151 881 debeam?
1177 847 1225 880 Ut
1249 847 1386 889 diligam

246 911 441 956 proximum
472 924 588 943 meum
621 910 707 943 sicut
739 923 794 942 me
816 909 937 954 ipsum.
993 909 1077 942 Illae
1112 921 1192 951 ergo
1216 908 1386 954 primitiae

248 973 394 1006 caritatis
417 972 495 1005 Deo
522 973 717 1005 offeruntur
740 984 803 1016 per
826 971 1036 1014 pontificem,
1059 972 1142 1004 haec
1165 984 1265 1011 vero,
1296 984 1385 1015 quae

245 1035 281 1068 in
307 1034 458 1068 secundo
490 1043 567 1067 sunt
600 1034 701 1073 loco,
730 1032 812 1065 meis
837 1033 952 1066 usibus
983 1034 1233 1078 relinquuntur.
1291 1033 1381 1069 Puto

245 1095 408 1140 adhuc3)
431 1109 499 1128 esse
524 1094 654 1139 aliquid
679 1109 717 1127 ex
741 1095 808 1127 boc
831 1095 955 1134 fructu,
979 1097 1074 1139 quod
1094 1095 1193 1128 tertio
1217 1097 1297 1128 loco
1321 1095 1383 1128 ha·-

247 1158 399 1190 bendum
430 1158 488 1190 sit:
518 1166 558 1189 ut
590 1156 726 1196 diligam
752 1156 850 1188 etiam
875 1155 1032 1189 inimicos
1057 1169 1161 1189 meos.
1206 1157 1296 1190 Vide
1319 1170 1379 1190 au—

243 1229 322 1259 tem,
345 1218 372 1252 si
396 1228 513 1263 potes,
541 1218 695 1251 similiter
726 1227 758 1251 et
783 1208 825 1250 de
850 1217 967 1250 ceteris
990 1217 1154 1251 fructibus
1176 1218 1313 1263 spiritus
1336 1219 1380 1252 si-

243 1281 340 1314 miles
373 1280 526 1313 invenire
559 1279 736 1324 primitias.
803 1279 976 1312 Gaudium
1006 1281 1158 1313 secundo
1189 1281 1268 1314 loco
1306 1282 1380 1314 fru-

243 1351 314 1374 ctus
337 1341 472 1386 spiritus
495 1341 663 1374 scribitur.
718 1339 755 1372 Si
786 1353 864 1381 ergo
897 1341 934 1374 in
958 1341 1114 1374 Domino
1138 1343 1323 1384 gaudeam,
1347 1353 1380 1376 et

241 1416 300 1447 spe
325 1404 504 1444 gaudeam,
537 1412 569 1434 et
591 1401 618 1435 si
648 1402 812 1442 gaudeam
843 1415 908 1446 pro
933 1402 1074 1435 nomine
1097 1403 1242 1436 Domini
1262 1417 1377 1447 passus

242 1463 419 1509 injuriam,
456 1464 493 1496 in
524 1464 574 1496 his
586 1462 623 1508 4)
656 1463 833 1502 omnibus,
872 1463 1012 1508 aliisque
1044 1465 1169 1497 horum
1201 1464 1377 1505 similibus,

240 1526 406 1571 primitias
430 1525 544 1568 gaudii
567 1538 629 1570 per
651 1525 848 1570 pontificem
878 1538 996 1558 verum
1020 1526 1098 1559 Deo
1132 1525 1251 1559 obtuli.
1306 1527 1377 1560 Sed

241 1597 273 1620 et
296 1588 323 1621 si
347 1586 500 1632 rapinam
519 1588 691 1620 bonorum
710 1600 866 1620 meorum
892 1601 968 1620 cum
983 1587 1019 1632 ⁵)
1036 1587 1158 1630 gaudio
1181 1587 1375 1629 sustineam,

241 1647 321 1694 et⁶)
345 1649 597 1688 tribulationes,
621 1649 648 1682 si
674 1659 918 1693 paupertatem,
940 1650 966 1682 si
991 1650 1264 1694 qualemcunque
1289 1663 1373 1683 con—

239 1712 413 1745 tumeliam
445 1713 593 1753 gaudens
625 1711 788 1751 tolerem,
821 1721 868 1744 est
902 1712 986 1744 mihi
1020 1721 1051 1744 et
1074 1712 1135 1744 iste
1157 1712 1310 1744 secundo
1333 1712 1370 1745 in

238 1775 317 1807 loco
343 1787 381 1807 ex
404 1772 568 1806 fructibus
598 1772 752 1816 spiritus,
773 1774 915 1813 ‚fructus
941 1772 1063 1814 gaudii.
1118 1774 1205 1806 Nam
1238 1773 1265 1806 si
1290 1787 1370 1816 gau-

237 1836 337 1868 deam
361 1836 405 1868 de
428 1836 528 1868 rebus
547 1834 662 1873 seculi,
682 1836 725 1867 de
748 1835 948 1873 honoribus,
975 1836 1018 1868 de
1042 1834 1174 1874 divitiis,
1196 1835 1279 1868 falsa
1293 1844 1371 1868 sunt

237 1898 346 1943 ista7)
371 1896 509 1939 gaudia,
541 1910 579 1930 ex
602 1896 805 1931 vanitatibus
829 1897 1023 1929 vanitatum.
1070 1897 1109 1930 Si
1130 1909 1212 1929 vero
1236 1896 1272 1929 in
1296 1910 1368 1930 ma-

327 2049 362 2093 ¹)
389 2049 499 2085 Galat,
522 2049 561 2087 V,
588 2051 641 2083 22.
737 2048 774 2092 ²)
798 2049 887 2081 Edd.
912 2048 1069 2081 Merlini;
1096 2050 1289 2082 offeremus.

327 2106 363 2148 ³)
388 2105 493 2138 Deest
516 2106 672 2146 ‚,adliuc“
696 2105 729 2137 in
755 2106 807 2139 ed.
834 2104 950 2138 Ruaei.

326 2161 362 2203 4)
386 2161 474 2193 Edd.
500 2161 655 2194 Merlini:
680 2161 727 2194 iis.
824 2160 860 2205 ⁵)
885 2161 954 2193 Csr.
981 2160 1084 2193 Hebr.
1110 2161 1154 2200 Χ,
1176 2162 1230 2196 34.

326 2215 363 2255 ⁶)
387 2216 475 2248 Edd.
502 2216 658 2249 Merlini:
683 2226 713 2249 et
736 2217 762 2249 si
786 2217 1029 2249 tribulationes.

328 2273 363 2311 7⁸)
388 2272 491 2305 Deest
514 2272 616 2312 „ista“
639 2273 674 2305 in
700 2274 750 2306 ed.
777 2271 894 2307 Ruaei.
