1427 2460
223 109 291 144 274
708 106 886 140 omcnms

228 212 292 233 nec
315 196 569 244 impugnabitur
592 204 682 230 terra
707 208 784 230 mea
814 195 858 229 ab
888 195 1086 231 adversariis
1116 195 1288 239 gentibus,
1317 198 1370 232 di-

229 260 328 294 versis
351 258 479 293 scilicet
503 257 784 303 concupiscentiis
807 258 987 295 stimulata.
1035 258 1183 294 oremus
1207 272 1307 302 ergo,
1327 269 1367 294 nt

231 321 328 355 Jesus
343 327 460 362 regnet
482 332 586 365 super
608 332 684 360 nos,
707 328 740 353 et
762 327 867 354 cesset
886 328 977 354 terra
999 329 1117 356 nostra
1132 335 1151 355 a
1166 320 1275 362 bellis,
1298 333 1369 355 ces-

229 392 277 416 set
301 384 343 416 ab
367 381 684 427 impugnationibus
711 381 902 416 carnalium
934 382 1199 417 desideriorum:
1231 391 1264 416 et
1291 396 1370 417 cum

227 443 288 479 ista
312 444 529 486 cessaverint,
561 452 644 477 tunc
671 442 906 488 unusquisque
935 445 1121 490 requiescet
1142 444 1178 489 ¹)
1211 444 1275 479 sub
1306 444 1372 478 vite

228 519 306 546 sua,
330 515 362 539 et
384 507 448 540 sub
471 507 540 540 ficu
562 519 642 546 sua,
673 515 705 539 et
735 506 799 539 sub
834 505 924 539 oliva
953 519 1023 541 sua.
1070 506 1144 541 Sub
1177 507 1368 541 velamento

229 569 319 602 enim
341 567 470 608 Patris,
493 576 526 601 et
549 566 652 608 Filii,
675 574 708 602 et
732 566 880 613 Spiritus
905 568 1012 603 sancti
1034 567 1223 614 requiescet
1245 569 1371 610 anima,

228 643 314 675 quae
337 643 459 676 pacem
482 630 518 664 in
541 641 577 664 se
607 630 855 675 recuperaverit
885 630 1012 672 carnis,
1044 643 1084 664 ac
1106 629 1253 676 spiritus.
1301 629 1370 677 Ipsi

228 701 367 727 aeterno
398 692 477 726 Deo
501 692 608 734 gloria
632 692 668 725 in
691 693 824 727 'saecula
849 693 1077 727 saeculorum.
1126 691 1256 726 Amen!

515 953 879 993 HOMILIA
916 953 1073 993 XXIII.

226 1052 282 1085 De
305 1064 359 1093 eo,
383 1053 478 1097 quod
501 1051 667 1097 scriptum
691 1059 755 1086 est:
787 1052 1001 1097 ‚,munera²)
1024 1065 1121 1095 mea,
1145 1053 1222 1087 data
1251 1065 1326 1087 mea
1339 1056 1368 1086 :“

515 1117 548 1142 et
571 1108 615 1142 de
639 1107 832 1143 diversitate
853 1109 1082 1143 festivitatum.

319 1223 349 1257 1.
397 1220 435 1256 si
473 1221 664 1256 observatio
698 1221 964 1264 sacrificiorum,
998 1229 1031 1254 et
1060 1219 1211 1255 instituta
1240 1221 1372 1264 legalia,

228 1295 316 1329 quae
336 1282 375 1317 in
398 1293 488 1329 typo
513 1284 591 1318 data
614 1286 694 1317 sunt
715 1284 849 1329 populo
874 1282 991 1324 lsrael,
1015 1295 1123 1328 usque
1147 1284 1190 1317 ad
1213 1296 1371 1329 praesens

226 1354 361 1390 tempus
384 1354 472 1379 stare
493 1344 698 1389 potuissent,
724 1345 941 1380 exclusissent
963 1344 1036 1378 sine
1060 1343 1169 1378 dubio
1195 1344 1370 1387 Evangelii

225 1407 349 1447 fidem,
378 1419 441 1451 per
472 1419 574 1452 quam
599 1420 637 1440 ex
661 1407 809 1441 adventu
833 1404 980 1440 Domini
1004 1406 1113 1439 nostri
1135 1405 1217 1440 Jesu
1242 1406 1369 1440 Christi

225 1477 339 1511 gentes
362 1477 609 1502 convertuntur
632 1469 676 1502 ad
699 1468 825 1503 Deum.
871 1467 957 1501 Erat
982 1466 1073 1500 em'm
1096 1467 1134 1501 in
1163 1467 1249 1508 illis,
1282 1481 1369 1513 quae

223 1539 306 1564 tunc
331 1530 616 1574 observabantur,
647 1530 827 1573 magnifica
861 1529 1049 1575 quaedam,
1080 1538 1114 1562 et
1143 1529 1248 1563 totius
1272 1542 1368 1563 reve-

224 1593 352 1627 rentiae
375 1592 479 1636 plena
504 1591 640 1634 religio,
665 1605 752 1637 quae
776 1605 815 1625 ex
838 1592 914 1637 ipso
941 1590 1041 1624 etiam
1065 1589 1180 1635 primo
1204 1591 1368 1636 adspectu

224 1655 498 1699 obstupefaceret
519 1654 698 1688 intuentes.
747 1653 831 1705 Quis
862 1652 952 1686 enim
982 1652 1100 1686 videns
1131 1651 1237 1695 illud,
1271 1654 1367 1699 quod

224 1716 463 1762 appellabatur
484 1715 733 1756 sanctuarium,
764 1714 833 1750 sive
862 1715 1065 1757 sacrarium,
1097 1723 1129 1748 et
1158 1714 1294 1749 intuens
1317 1716 1392 1759 ³¹5.

224 1787 316 1818 tare,
349 1779 516 1812 adstantes
547 1777 648 1811 etiam
677 1778 870 1812 sacerdotes
892 1776 1056 1811 sacrificia
1081 1785 1366 1817 consummantes.

224 1851 433 1885 omnemque
456 1839 633 1881 ordinem,
665 1853 734 1886 quo
766 1847 887 1873 cuncta
918 1839 976 1872 illa
1000 1839 1222 1881 gerebantur,
1252 1838 1366 1884 adspi-

225 1902 334 1943 ciens.
372 1909 443 1935 non
475 1910 611 1947 putaret
639 1901 874 1946 plenissimum
907 1901 999 1934 hunc
1032 1912 1103 1934 esse
1131 1901 1254 1940 ritum,
1293 1913 1363 1946 quo

222 1964 317 1997 Deus
349 1973 483 1998 creator
513 1962 669 1997 omnium
701 1964 745 1996 ab
777 1964 929 1997 humano
961 1974 1084 2005 genere
1108 1960 1178 1995 eoli
1200 1960 1365 1994 deberet?

223 2026 293 2059 Sed
316 2025 437 2068 gratias
462 2025 620 2060 adventui
645 2024 786 2064 Christi,
817 2024 875 2069 qui
905 2022 1036 2057 animas
1059 2031 1191 2057 nostras
1214 2022 1362 2055 avellens

223 2088 266 2120 ab
290 2087 358 2121 hoc
381 2085 523 2127 intuitu,
554 2087 598 2120 ad
628 2085 937 2120 considerationem
967 2083 1183 2123 coelestium,
1214 2091 1247 2116 et
1277 2095 1361 2116 con-

317 2236 351 2279 ¹)
377 2236 388 2267 l
414 2236 514 2279 Regg.
541 2236 606 2276 IV,
627 2237 681 2271 25.
707 2235 782 2279 (ΙΙΙ
808 2234 938 2278 Regg.)

312 2291 350 2336 ²)
374 2292 475 2325 Num.
501 2290 672 2330 XXVIII.
694 2293 725 2325 2.
