1427 2460
384 88 421 113 m
444 78 622 112 Nummos
647 75 806 110 HommA
824 76 864 109 V.
1148 76 1195 110 39

56 178 251 205 sanctorum
276 167 435 214 operiunt
456 168 585 210 singula
611 179 764 211 quaeque
788 164 1017 210 operimentis,
1042 178 1079 197 ae
1104 165 1191 197 vela-

54 231 202 265 minibus
225 231 310 271 suis,
347 239 379 263 et
412 231 545 263 obtecta
570 242 607 261 ea
632 227 859 272 relinquentes
883 226 917 259 in
944 227 1082 265 codem,
1119 239 1188 270 quo

53 295 189 327 fuerant
211 292 310 332 loco,
347 292 573 325 introducunt
595 290 684 324 filios
710 289 837 329 Caath,
870 288 927 333 qui
952 289 995 321 ad
1021 287 1111 320 istud
1136 288 1188 327 os-

53 355 169 387 {icium
194 352 345 398 deputati
368 362 464 394 sunt,
499 362 530 386 ct
553 352 682 386 faciunt
715 365 772 384 eos
798 353 927 384 elevare
950 348 1098 382 humeris
1122 348 1189 382 suis

55 415 171 449 omnia
193 415 269 455 illa,
301 414 388 459 qude
411 428 530 448 manus
562 412 780 448 sacerdotalis
806 413 991 446 obtexerat.
1038 411 1083 443 Et
1105 423 1188 455 pro-

52 487 129 522 pter
151 478 217 510 hoc
241 476 365 509 dicitur
390 490 408 510 a
432 476 608 510 Domino:
638 489 703 516 „ne
719 476 753 518 ¹)
779 472 1003 508 exterminetis
1028 474 1070 505 de
1099 471 1188 504 tribu

52 552 111 574 sua
133 539 270 583 plebem
296 537 446 571 Caath:“
478 536 572 582 quasi
603 536 638 569 in
664 550 704 570 eo
731 533 975 570 exterminandi
1009 542 1130 573 essent,
1161 533 1187 565 si

51 610 166 634 sancta
187 609 384 634 sanctorum
407 600 499 632 nuda
526 609 557 632 et
581 599 728 643 patentia
754 597 978 640 contigissent,
1004 608 1091 639 quae
1115 607 1187 626 nou

51 661 162 695 solum
192 675 265 695 non
296 662 513 703 contingere,
548 663 607 694 sed
645 673 690 692 ne
718 658 841 692 intueri
875 657 1011 703 quidem
1047 658 1095 689 sas
1121 664 1190 688 crat

52 737 126 757 non
150 724 266 758 velata.
314 723 351 756 Si
374 721 574 762 intellexisti,
599 722 681 766 quid
707 722 866 755 historiae
891 722 979 753 ordo
1005 718 1187 756 contineat,

51 785 220 818 adscende
241 797 335 817 nunc
359 784 402 817 ad
424 783 644 828 splendorem
663 783 828 830 mysterii:
854 791 885 815 et
908 781 987 823 legis
1010 779 1189 824 spiritualis

51 847 178 885 lumen,
201 845 228 880 si
251 859 358 891 purus
381 845 445 878 tibi
472 854 519 878 est
541 845 662 878 mentis
687 845 818 883 oculus,
843 853 1015 876 contuere.
1055 842 1091 875 Si
1116 840 1189 885 quis

52 907 172 948 dignus
196 920 234 940 ex
259 906 308 947 iis,
332 906 391 951 qui
415 907 493 939 Deo
519 907 718 946 ministrant,
743 905 855 938 divina
874 918 995 950 capere
1019 913 1051 936 et
1077 903 1190 935 videre

50 968 222 1014 mysteria,
259 968 302 1001 ad
327 981 415 1012 quae
439 969 634 1001 contuenda
668 969 770 1002 ceteri
800 968 913 1001 minus
938 978 1078 1011 capaces
1102 974 1189 1004 sunt,

50 1030 106 1063 hic
129 1031 258 1070 Aaron,
280 1031 333 1063 vel
355 1030 444 1063 filius
468 1027 583 1062 Aaroti
607 1041 676 1062 esse
699 1028 952 1073 intelligitur,²)
977 1027 1036 1073 qui
1058 1026 1190 1074 ingredi

50 1101 162 1136 potest
185 1093 230 1125 ad
253 1104 308 1132 ea,
345 1104 433 1136 quae
456 1092 550 1125 adire
574 1090 645 1125 aliis
669 1092 717 1124 sas
740 1104 813 1123 non
837 1100 894 1124 est.
950 1089 987 1123 Si
1011 1090 1084 1134 quis
1109 1101 1187 1130 ergo

51 1153 128 1186 talis
151 1162 218 1193 est,
247 1153 327 1185 huic
351 1153 416 1185 soli
439 1153 584 1186 revelata
608 1162 702 1196 patet
724 1165 800 1185 arca
824 1151 1028 1191 testamenti,
1062 1150 1117 1183 hie
1141 1149 1188 1182 vi-

52 1215 110 1246 det
139 1227 262 1246 urnam
293 1213 382 1246 intra
413 1226 448 1247 se
477 1214 661 1247 habentem
685 1226 831 1253 manna,
864 1212 918 1246 hic
944 1213 1136 1246 considerat
1159 1222 1189 1245 et

50 1273 205 1315 intelligit
227 1274 514 1320 propitiatorium.
553 1275 618 1307 Hic
635 1275 785 1308 intuetur
798 1284 830 1307 et
843 1275 1031 1307 Cherubim
1056 1284 1188 1307 utrum-

51 1347 128 1379 que,
152 1344 185 1367 et
207 1348 358 1369 mensam
383 1346 556 1376 sanctam,
580 1346 614 1368 et
642 1337 887 1369 candelabrum
912 1336 1059 1376 luminis,
1084 1345 1115 1369 et
1140 1337 1187 1367 al-

51 1405 123 1429 tare
146 1396 285 1430 incensi.
332 1397 397 1430 lste
420 1398 504 1430 haec
530 1396 740 1436 considerat,
770 1407 802 1430 et
824 1397 981 1439 intelligit
1003 1397 1187 1442 spirituali-

51 1467 112 1497 ter,
135 1457 171 1490 id
197 1467 254 1498 est,
280 1458 338 1502 qui
361 1460 466 1492 verbo
492 1458 559 1492 Dei
590 1467 623 1491 et
653 1457 836 1503 sapientiae
860 1459 1022 1504 mysteriis
1047 1472 1188 1503 operam

53 1519 127 1558 (lat,
159 1527 192 1550 et
214 1519 292 1552 Deo
317 1520 382 1552 soli
405 1521 441 1553 in
465 1521 585 1554 sanctis
609 1529 713 1552 vacat.
770 1519 862 1553 Sciat
892 1533 987 1560 sanc,
1029 1520 1083 1553 cui
1107 1521 1190 1552 haec

53 1581 256 1620 revelantur,
280 1590 312 1613 ct
334 1580 552 1626 spiritualiter
577 1581 787 1626 inspicienda
811 1583 1006 1622 creduntur,
1030 1595 1101 1614 non
1125 1580 1189 1614 sibi

14 1652 17 1661 ¹
53 1650 162 1674 tutum
186 1654 255 1675 csse
279 1643 411 1686 aperire
435 1656 483 1683 ea,
508 1653 539 1676 et
562 1645 713 1688 pandere
736 1643 858 1687 quibus
877 1657 949 1676 non
972 1642 1051 1676 licet
1073 1641 1190 1686 pandi,

52 1703 111 1735 sed
137 1702 271 1746 operire
294 1704 397 1737 debet
417 1704 565 1745 singula,
602 1714 633 1737 ct
665 1714 783 1749 operta
816 1705 932 1738 ceteris
955 1705 1068 1737 minus
1093 1717 1190 1748 capa-

55 1763 152 1796 cibus
185 1765 319 1797 tradere
349 1766 519 1809 portanda
552 1765 589 1798 in
622 1766 789 1806 humeris,
814 1776 846 1800 et
869 1766 1053 1799 cervicibus
1077 1766 1189 1810 impo-

52 1825 175 1857 nenda.
223 1824 312 1857 Cum
336 1825 427 1858 enim
453 1839 490 1859 ex
515 1826 624 1859 verbis
648 1828 794 1874 mysticis
819 1828 961 1868 eruditi,
995 1837 1027 1860 et
1049 1827 1191 1871 perfecti

53 1885 241 1930 quoque3)
266 1887 423 1920 doctores
447 1900 551 1931 opera
574 1890 712 1933 populis
735 1889 929 1935 injungunt,¹
950 1898 982 1921 et
1005 1890 1101 1933 plebs
1126 1888 1192 1931 agit

55 1947 211 1992 quidem,
240 1957 279 1996 -et
302 1948 423 1993 implet
454 1962 540 1993 quae
562 1951 784 1991 mandantur,
823 1963 895 1983 non
919 1959 1033 1983 tamen
1057 1964 1188 1990 eorum,

55 2017 150 2053 quae'
165 2019 337 2052 geruntur,
360 2009 515 2052 intelligit
540 2011 724 2044 rationem:
751 2010 833 2056 quid
852 2011 944 2045 aliud
969 2013 1104 2054 geritur,
1127 2013 1191 2046 nisi

56 2080 173 2115 operta
191 2080 231 2118 pt
252 2072 359 2105 velata
384 2082 496 2106 sancta
520 2083 715 2107 sanctorum
740 2086 841 2118 super
865 2074 1025 2108 humeros
1047 2084 1190 2119 portan-

149 2211 185 2255 ¹)
209 2212 310 2247 Num.
334 2213 394 2253 IV,
418 2214 471 2248 18.
566 2214 603 2257 ²)
627 2214 715 2249 Edd.
743 2215 894 2249 Merlini:
920 2214 1123 2256 intelligatur

148 2266 186 2311 ³)
209 2268 299 2302 Edd.
323 2268 480 2302 lsscrlini:
509 2269 643 2314 quique.
807 2272 813 2280 '
