1427 2460
294 477 297 481 ⁵
344 506 429 544 ΗΟ
451 502 658 544 MILIA
715 501 952 542 PRIMA.

84 667 114 700 1·
141 647 339 714 Divinis¹)
370 670 529 717 Numeris
552 684 625 703 non
651 682 768 703 omnes
792 667 884 709 digni
907 676 1003 706 sunt,
1034 667 1092 700 sed
1120 665 1218 698 certis

85 734 274 778 quibusque
299 732 539 777 praerogativis
564 732 781 773 designantur
804 730 856 769 hi,
896 730 954 775 qui
983 729 1072 762 intra
1095 740 1217 760 nume-

83 810 158 830 rum
186 795 253 828 Dei
277 795 422 827 debeant
446 793 700 839 comprehendi.
740 791 850 838 Hujus
874 801 986 824 autem
1011 791 1060 824 rei
1084 790 1218 824 evidens

82 856 248 889 indicium
274 855 425 889 continet
447 856 536 889 liber
559 855 632 895 hic,
662 856 721 900 qui
743 854 901 888 scribitur
913 853 949 898 ²)
974 855 1218 886 Numerorum.

83 918 121 951 In
149 931 216 962 quo
243 919 403 958 refertur,
433 919 528 962 quod
565 931 602 950 ex
626 926 809 962 praecepto
835 915 902 948 Dei
925 928 1037 960 neque
1059 914 1219 950 mulieres

85 981 297 1013 deducantur
320 980 364 1012 ad
387 992 589 1019 numerum,
623 979 790 1012 femineae
812 978 884 1012 sine
909 976 1015 1010 dubio
1041 975 1220 1009 infirmita-

84 1041 125 1074 tis
150 1041 341 1080 obstaculo,
364 1053 476 1085 neque
499 1054 675 1074 servorum
696 1041 884 1086 quisquam,
909 1047 1029 1084 utpote
1052 1037 1119 1071 vita
1142 1050 1220 1070 mo-

84 1102 245 1147 ribusque
271 1103 460 1144 degeneres.
510 1103 579 1136 Sed
611 1117 655 1136 ne
685 1102 930 1149 Aegyptiorum
962 1100 1100 1145 quidem
1133 1100 1221 1131 ullus

87 1178 125 1197 ex
145 1165 204 1204 iis,
227 1163 285 1208 qui
313 1174 408 1196 erant
432 1165 591 1204 admixti,
613 1174 829 1203 numeratur,
859 1164 1016 1207 profecto
1042 1171 1079 1194 ut
1103 1161 1221 1193 alieni-

86 1238 200 1267 genae,
225 1235 258 1258 et
280 1225 436 1258 barbari:
472 1227 531 1259 sed
555 1226 619 1259 soli
642 1234 867 1259 numerantur
891 1224 1079 1263 Israelitae‚
1114 1232 1146 1255 et
1170 1221 1223 1255 isti

85 1302 159 1321 non
184 1300 313 1327 ornnes,
336 1289 395 1321 sed
421 1302 438 1320 a
462 1287 577 1329 viginti
602 1287 708 1326 annis,
733 1297 764 1319 et
787 1300 900 1330 supra.
946 1287 1019 1319 Nec
1033 1286 1104 1319 sola
1131 1293 1222 1317 aeta—

85 1349 127 1383 tis
150 1350 296 1382 habetur
320 1349 526 1390 observatio,
562 1350 621 1382 sed
653 1348 827 1393 quaeritur
857 1348 884 1380 si
917 1357 950 1380 et
981 1357 1098 1391 aptum
1122 1345 1222 1378 bellis

85 1412 196 1445 robur
219 1412 390 1444 ostendat:
415 1411 609 1453 designatur
633 1411 723 1443 enim
747 1424 810 1455 per
832 1411 975 1443 verbum
995 1408 1072 1447 Dei,
1096 1418 1133 1441 ut
1157 1421 1222 1440 nu-

85 1482 236 1506 meretur
267 1472 387 1513 omnis,
427 1473 485 1518 qui
515 1472 672 1517 procedit
702 1472 743 1505 in*
768 1471 891 1505 virtute
922 1472 1035 1504 Israel.
1053 1471 1090 1514 ³)
1142 1471 1224 1502 Non

88 1548 168 1577 ergo
192 1535 264 1568 sola
298 1543 404 1574 aetas,
440 1535 500 1567 sed
532 1544 564 1567 et
594 1535 698 1567 virtus
731 1535 765 1567 in
779 1533 815 1578 ⁴²)
848 1534 998 1568 Israelita
1029 1532 1222 1577 requiritur.

182 1637 217 1682 ¹)
245 1636 397 1669 Collatae
419 1644 497 1669 sunt
521 1636 584 1667 hae
607 1636 771 1668 homiliae
803 1650 881 1668 cum
915 1648 969 1667 sex
996 1634 1108 1667 Codd.
1134 1632 1224 1671 Mss.‚

91 1696 167 1716 cum
202 1682 289 1715 Cod.
321 1682 425 1714 lecr.
469 1680 670 1714 cathedralis
703 1681 861 1714 ecclesiae
893 1680 1127 1717 Ehrfficensis,
1167 1679 1225 1722 qui

90 1728 222 1760 decimo
249 1727 363 1760 seculo
397 1736 547 1759 exaratus
579 1728 719 1759 videtur.
773 1727 811 1758 In
846 1739 886 1758 eo
920 1725 1132 1758 desideratur
1161 1724 1226 1756 ho—

89 1772 183 1805 milia
205 1772 335 1815 prima3
362 1785 439 1803 cum
466 1770 554 1805 Cod.
580 1773 683 1805 Mser.
709 1772 864 1804 abbatiae
887 1771 992 1805 sancti
1025 1769 1115 1803 Petri
1142 1768 1226 1800 Car-

90 1818 253 1855 notensis‚
280 1818 358 1849 dato
384 1817 462 1848 huic
486 1818 695 1850 monasterio
722 1819 763 1849 ab
777 1818 882 1849 Alveo
901 1818 1032 1853 abbate,
1059 1815 1117 1859 qui
1143 1814 1228 1846 obiit

92 1876 183 1895 anno
208 1862 303 1901 955.;
328 1874 404 1894 cum
432 1862 518 1895 Cod.
543 1863 645 1896 Mser.
669 1861 807 1906 majoris
826 1860 1023 1893 monasterii
1041 1860 1226 1892 Turonen-

91 1907 152 1948 sis;
184 1921 260 1940 cum
295 1905 382 1938 Cod.
412 1906 516 1938 Mser.
553 1907 712 1940 ecclesiae
737 1907 936 1940 cathedralis
961 1905 1228 1945 Bellovaceusi53

93 1966 172 1984 curn
199 1951 284 1985 Cod.
313 1952 414 1983 Mser.
440 1952 599 1984 ecclesiae
623 1952 824 1984 cathedralis
850 1950 1103 1991 Laudunensis;
1128 1950 1225 1982 deni·
1269 1948 1278 1959 “

95 2010 160 2041 que
186 2011 261 2030 cum
289 1996 375 2030 Cod.
402 1996 503 2029 Mser.
529 1996 684 2030 abbatiae
707 1997 812 2029 sancti
828 1996 968 2030 Martini
994 1995 1226 2036 sagiensis.R.

94 2062 136 2067 -
163 2042 232 2075 Cfr.
257 2041 395 2086 insuper
420 2042 497 2073 edd.
522 2042 569 2075 M.
597 2042 697 2074 Tom.
724 2043 748 2074 I.

186 2098 223 2141 ²)
249 2097 336 2130 Cod.
360 2098 610 2132 Laudunensis:
634 2098 890 2140 „inscribitur;“
924 2097 1010 2134 Cod.
1036 2096 1227 2130 Ebroicen-

93 2143 153 2177 sis:
175 2143 432 2184 „describitur.⁴‘
454 2144 496 2177 R.

187 2200 224 2244 ³)
248 2200 354 2232 Deest
376 2213 504 2233 nomen
536 2200 682 2240 ‚Jsrael“
713 2200 762 2238 ins
782 2199 921 2242 vulgatis
946 2199 1153 2233 editionibus
1180 2198 1226 2242 (v.

97 2259 125 2279 c.
151 2246 226 2278 edd.
251 2244 332 2288 M),
349 2246 408 2278 sed
422 2247 599 2290 suppletur
616 2259 634 2278 e
648 2246 728 2279 'Mss.
745 2245 943 2279 Ebroicensi
962 2255 993 2278 et
1015 2244 1175 2286 Sagiensi.
1190 2244 1228 2275 R.

191 2300 228 2345 4)
252 2301 348 2340 Libri
371 2301 450 2335 editi
474 2303 521 2346 (e.
549 2315 574 2336 c.
607 2302 683 2336 edd.
709 2301 797 2346 M.):
828 2301 883 2342 „in
915 2301 1095 2335 Israelitica
1128 2301 1230 2345 plebe
