1427 2460
302 100 338 125 m
364 91 542 126 Nummos
567 90 728 124 HommA
757 92 900 126 XXVII.
1101 80 1167 130 345

40 189 119 221 sunt
148 181 235 214 duae
264 193 402 221 manus,
436 182 496 214 sed
529 193 607 213 una.
669 181 708 213 In
739 195 844 215 manu
877 181 966 216 enim
997 182 1104 217 Masis
1137 195 1169 218 et

38 245 157 277 Aaron
194 243 307 276 eduxit
346 255 403 275 eos
445 241 633 282 Dominus,
669 252 702 276 et
725 257 797 276 non
822 243 858 276 in
882 244 1037 278 manibus
1061 245 1168 278 Blosis

39 308 71 337 et
96 306 230 345 Aaron3
253 317 359 337 unum
385 304 474 337 enim
503 317 589 348 opus
613 304 788 350 utriusque
815 318 934 338 manus
969 315 1033 346 est,
1069 315 1169 350 atque

39 379 105 399 una
131 366 348 411 perfectionis
373 365 528 410 expletio.

128 428 157 462 7.
205 427 318 472 „Et¹)
351 427 499 472 scripsit,
536 427 664 475 inquit,
699 426 816 461 Bloses
857 428 1098 473 perfectiones,
1138 440 1169 463 et

36 489 229 523 mansiones
254 503 391 528 eorum,
416 503 477 534 per
501 490 642 522 verbum
666 489 850 522 Domini.“
914 490 1057 534 Scripsit
1088 503 1167 532 ergo

37 550 120 583 haec
143 564 206 596 per
229 552 368 584 verbum
393 550 555 591 Domini,
596 559 634 583 ut
658 552 804 592 legentes
828 564 909 591 nos,
948 561 979 584 et
1010 552 1170 593 videntes,

38 622 185 657 quantae
209 609 308 646 nobis
331 612 532 646 immineant
555 612 785 656 profectiones
809 613 852 645 ad
876 613 970 654 iter„
986 615 1080 658 quod
1105 614 1169 646 du-

39 674 84 707 cit
107 676 152 707 ad
176 688 334 717 regnum,
358 687 599 719 praeparemus
622 688 685 707 nos
712 675 755 707 ad
780 674 881 707 vitam
905 675 1004 714 hanc,
1028 684 1061 707 et
1086 689 1170 708 con-

37 737 221 769 siderantes
245 736 323 776 iter,
354 736 446 779 quod
473 732 573 768 nobis
597 736 790 775 immineat,
819 749 892 768 non
916 735 1076 776 segniter,
1105 750 1169 770 nec

39 798 176 831 remisse
205 797 291 830 vitae
320 807 455 830 nostrae
492 806 625 841 tempus
664 796 900 841 permittamus
939 797 1086 837 absumi,
1125 812 1170 831 ne

37 860 143 898 forte,
179 859 261 892 dum
274 858 311 903 2)
344 858 378 891 in
410 858 461 891 his
484 857 605 890 mundi
629 858 830 891 vanitatibus
861 859 1103 898 immoramur,
1139 869 1171 892 et

37 919 175 961 singulis
196 920 397 964 quibusque,
422 933 509 963 quae
533 921 575 952 ad
600 919 705 953 visum
731 921 782 952 vel
806 919 969 960 auditum,
994 921 1044 953 vel
1069 922 1169 954 etiam

38 993 125 1024 quae
152 981 195 1014 ad
218 990 345 1014 tactum
369 991 471 1026 atque
496 982 679 1015 odoratum
704 990 906 1024 gustumque
929 982 1083 1022 veniunt,
1109 984 1168 1016 de-

37 1043 219 1083 lectamur,
251 1044 409 1076 labamur
432 1044 519 1083 dies,
548 1052 682 1087 tempus
708 1052 911 1086 praetereat,
941 1053 972 1076 et
1002 1057 1074 1076 non
1109 1057 1167 1077 oc·-

38 1117 212 1137 curramus
245 1117 348 1137 omne
369 1104 515 1149 spatium
540 1104 746 1136 imminentis
778 1104 904 1136 itineris
930 1104 1113 1148 explicare,
1138 1115 1169 1138 et

40 1165 236 1199 deficiamus
260 1166 295 1199 in
319 1166 453 1206 medio,
479 1176 580 1210 atque
604 1166 730 1198 accidat
754 1165 854 1198 nobis
878 1165 981 1205 illud,
1007 1167 1100 1210 quod
1126 1168 1168 1200 de

40 1226 243 1272 quibusdam
276 1229 437 1266 refertur,
471 1226 529 1270 qui
561 1226 742 1271 pervenire
768 1240 840 1259 non
872 1235 1075 1270 potuerunt,
1109 1229 1168 1262 sed

39 1297 130 1321 artus
154 1302 273 1322 eorum
298 1289 495 1322 ceciderunt
518 1288 554 1321 in
578 1289 721 1321 deserto.
767 1288 834 1321 Iter
857 1301 935 1330 ergo
961 1288 1106 1331 agimus,
1138 1299 1170 1322 et

38 1349 167 1396 idcireo
201 1350 396 1384 devenimus
424 1349 460 1382 in
492 1350 583 1383 hunc
607 1351 794 1389 mundum,
829 1359 865 1382 ut
888 1359 1095 1384 transcamus
1127 1353 1169 1384 de

40 1410 161 1445 virtute
186 1413 229 1446 ad
253 1414 428 1446 virtutem:
452 1425 524 1444 non
549 1420 586 1444 ut
609 1423 869 1455 permaneamus
893 1425 957 1455 pro
982 1413 1120 1445 terrenis
1133 1412 1169 1445 in

40 1481 147 1513 terra,
180 1472 267 1506 sicut
291 1482 323 1506 et
345 1473 422 1513 ille,
452 1472 510 1517 qui
525 1472 561 1517 3)
587 1473 736 1506 dicebat:
772 1473 964 1513 „destruam
979 1470 1015 1517 ⁴)
1046 1474 1168 1506 horrea

39 1547 133 1575 mea,
172 1543 204 1567 et
228 1534 291 1568 alia
314 1532 447 1579 majora
471 1534 681 1573 aedificabo,
708 1543 739 1567 et
764 1534 874 1566 dicam
901 1534 1032 1568 animae
1055 1549 1169 1569 meae:

41 1595 163 1636 anima,
186 1597 290 1629 habes
313 1597 419 1629 multa
442 1596 535 1629 bona
560 1597 706 1640 reposita
730 1595 765 1628 in
786 1609 893 1629 annos
907 1597 1048 1629 multos:
1071 1611 1169 1629 man-

41 1658 139 1698 duca,
163 1666 197 1690 et
218 1657 308 1697 bibe,
334 1667 365 1690 et
388 1658 555 1690 laetare:“
591 1670 635 1689 ne
665 1659 754 1689 forte
786 1656 875 1690 dicat
907 1666 938 1689 et
969 1657 1069 1690 nobis
1094 1659 1170 1691 Do-

40 1718 171 1760 minus,
199 1719 286 1753 sicut
307 1718 374 1751 illi:
415 1719 560 1759 ‚‚stulte‚
600 1719 662 1752 hac
678 1727 781 1751 nocte
805 1719 974 1752 auferetur
1000 1732 1017 1751 a
1042 1729 1074 1752 te
1099 1719 1171 1752 ani·

40 1794 97 1815 ma
120 1785 210 1813 tua.“
262 1780 343 1813 Non
375 1780 457 1812 dixit
487 1781 521 1813 iu
546 1781 608 1812 hac
633 1778 703 1819 die,
733 1780 792 1813 sed
816 1779 852 1812 in
878 1780 940 1812 hac
964 1790 1074 1813 nocte.
1130 1781 1170 1813 In

40 1852 145 1876 nocte
166 1842 256 1876 enim
281 1841 461 1886 perimitur
485 1850 516 1874 et
541 1841 612 1881 hic,
635 1840 718 1876 sicut
742 1841 966 1886 primogenita
987 1842 1170 1887 Acgyptio—

136 2009 172 2053 1)
195 2010 297 2043 Num.
322 2009 485 2050 xxxni,
508 2011 538 2043 2.

135 2064 173 2110 ²)
200 2065 286 2098 Cod.
313 2065 348 2098 S.
369 2065 596 2098 Theodorici:
628 2067 740 2105 „dum
763 2066 797 2099 in
823 2064 1018 2109 huiusmodi
1043 2065 1169 2098 vanita-

42 2111 150 2144 tibus“
176 2120 235 2143 etc.
259 2110 298 2145 R.
323 2129 364 2135 ——
389 2110 476 2143 Edd.
502 2110 658 2144 Merlini:
684 2113 787 2151 „dum
811 2112 845 2145 in
869 2112 908 2145 iis
933 2111 1052 2145 mundi
1075 2111 1167 2144 vani-

41 2157 187 2189 tatibus“
210 2164 270 2188 etc.

135 2210 172 2255 3)
197 2211 301 2244 Deest
326 2210 429 2254 „qui“
452 2211 487 2245 in
513 2213 584 2245 sola
611 2213 663 2245 ed.
688 2212 728 2245 R.

137 2266 174 2309 ⁴)
198 2266 278 2300 Luc.
304 2265 378 2307 XII,
404 2267 458 2302 18.
485 2268 537 2302 19.
563 2269 682 2315 -χ20,
