1427 2460
184 17 252 52 20⁰
665 12 843 48 Omezms

189 115 253 146 est,
289 105 466 140 doctrinae
496 104 566 151 ejus
591 105 694 138 verba
716 103 926 148 suscipimus.
975 102 1044 136 Sed
1069 112 1101 136 et
1122 103 1173 137 illi
1195 105 1323 139 nihilo-

187 168 300 201 minus
331 167 498 200 vulnerati
519 175 614 206 sunt,
663 166 721 211 qui
744 165 844 199 nobis
868 166 1012 198 verbum
1051 164 1124 211 ejus
1148 166 1325 211 praedica-

190 239 286 263 runt:
311 237 343 261 et
360 228 393 272 ¹)
421 227 576 273 ipsorum
604 228 706 268 enim,
729 229 765 261 id
784 237 841 268 est,
866 227 1117 272 Apostolorum
1138 226 1209 273 ejus
1225 227 1325 260 verba

191 304 268 325 cum
292 289 452 333 legimus,
477 298 510 322 et
533 289 635 322 vitam
663 302 701 322 ex
725 289 765 322 iis
790 288 1048 333 consequimur,
1071 289 1327 321 vulneratorum

189 351 388 393 sanguinem
413 351 571 385 bibimus.
619 352 719 391 „Non
735 351 772 396 ²)
797 363 895 392 ergo,
919 349 1047 394 inquit,
1073 349 1237 388 dormiet,
1263 350 1328 383 do-

189 426 254 447 nec
279 414 438 447 comedat
459 413 635 457 praedam.
646 417 666 432 “
723 412 788 446 Iste
812 413 903 445 enim
925 413 1096 457 populus,
1131 411 1190 456 qui
1217 411 1328 444 catulo

189 475 318 517 leonis,
342 476 394 508 vel
419 474 510 507 leoni
537 484 775 519 eomparatur,
800 487 873 507 non
898 474 1064 518 quiescet,
1088 487 1151 507 nec
1174 473 1329 512 dormiet,

191 539 306 571 donec
328 536 438 581 rapiat
460 537 642 580 praedam,
666 536 702 569 id
727 545 792 575 est,
818 537 928 569 donec
952 536 1061 580 rapiat
1083 548 1225 577 regnum
1250 548 1330 569 coe-

191 600 324 632 lorum:
359 596 437 642 quia
469 598 557 642 ,‚a³)
584 598 703 632 diebus
725 597 870 631 Joannis
894 610 1034 639 regnum
1062 598 1239 631 coelorum
1263 597 1331 630 vim

192 660 334 706 patitur,
360 668 392 692 et
414 659 482 692 vim
507 659 667 693 facientes
692 659 858 705 diripiunt
881 659 1008 692 illud.“
1055 659 1104 692 Ut
1127 668 1240 692 autem
1265 659 1332 692 evi-

194 722 329 755 dentius
360 733 543 763 cognoscas
574 721 658 754 haec
684 721 727 754 de
750 730 870 754 nostro
895 722 1046 765 populo,
1082 721 1140 765 qui
1162 721 1198 754 in
1221 734 1332 755 sacra-

192 783 315 816 mentis
340 781 464 815 Christi
501 784 764 816 confoederatus
791 793 855 823 est,
891 783 1012 823 scribi,
1047 782 1128 816 audi
1153 784 1332 828 quomodo

195 855 229 879 et
251 844 286 877 in
311 843 384 877 aliis
407 843 522 877 Moses
544 844 666 878 similia
689 846 908 890 pronuntiat,
934 845 1069 878 dicens:
1099 846 1283 892 „butyrum
1294 844 1332 889 ⁴)

194 907 325 947 boum,
363 915 393 938 et
417 905 470 938 lac
495 907 629 946 ovium,
666 920 744 940 cum
777 906 878 950 adipe
909 919 1093 948 agnorum,
1125 917 1158 940 et
1181 907 1335 950 arietum,

196 968 349 1001 filiorum
372 976 552 1000 taurorum
578 976 611 1000 et
633 968 826 1008 hircorum,
853 981 931 1001 cum
956 967 1057 1012 adipe
1080 969 1231 1008 renium,
1262 970 1336 1002 fru-

197 1030 324 1069 menti,
362 1038 394 1062 et
424 1028 623 1070 sanguinem
652 1042 738 1062 uvae
761 1029 882 1062 bibent
905 1029 1058 1062 vinum.“
1105 1030 1150 1062 Et
1173 1031 1230 1063 hic
1255 1044 1334 1074 ergo

195 1090 346 1134 sanguis,
371 1090 430 1135 qui
452 1089 651 1123 nominatur
674 1104 775 1130 uvae,
800 1091 889 1124 illius
914 1104 998 1124 uvae
1030 1101 1092 1131 est,
1117 1105 1203 1136 quae
1225 1092 1335 1126 nasci-

196 1162 253 1186 tur
273 1166 311 1186 ex
334 1152 392 1185 illa
417 1151 498 1191 vite,
523 1152 566 1184 de
591 1165 655 1197 qua
681 1152 838 1185 Salvator
861 1152 960 1186 dicit:
996 1153 1091 1194 „Ego
1106 1153 1142 1198 ⁵)
1164 1167 1240 1187 sum
1264 1153 1338 1188 vitis

198 1219 309 1254 vera,“
339 1213 495 1259 discipuli
525 1226 606 1246 vero
639 1213 854 1259 „palmites“:
902 1214 1081 1259 „Pam-⁶)
1112 1224 1225 1249 autem
1249 1216 1336 1258 agri-

199 1277 274 1311 cola
299 1285 347 1310 est
357 1281 386 1316 ,“
410 1275 467 1321 qui
491 1284 613 1320 purgat
637 1289 713 1315 cos,
736 1285 775 1308 ut
799 1278 948 1309 fructum
971 1278 1160 1321 plurimum
1184 1279 1339 1312 afferant.

198 1338 253 1371 Tu
279 1350 358 1378 ergo
384 1350 417 1370 es
440 1350 538 1370 verus
560 1337 713 1381 populus
738 1337 861 1378 Israel,
895 1337 953 1381 qui
976 1338 1040 1371 scis
1063 1337 1261 1382 sanguinem
1285 1339 1337 1372 bi-

197 1401 299 1438 bere,
339 1407 372 1431 et
402 1398 493 1431 nosti
527 1410 663 1430 carnem
690 1398 796 1430 Verbi
821 1398 887 1431 Dei
911 1401 1110 1440 comedere,
1148 1410 1179 1433 et
1203 1402 1337 1444 sangui-

197 1474 278 1495 nem
300 1460 437 1497 bibere,
474 1468 506 1491 et
529 1472 613 1492 uvae
636 1459 835 1501 sanguinem
861 1459 968 1501 illius,
1007 1475 1093 1506 quae
1126 1471 1174 1495 est
1200 1476 1239 1496 ex
1261 1476 1339 1497 vera

197 1523 280 1562 vite,
321 1531 352 1555 et
390 1520 456 1553 illis
494 1520 707 1566 palmitibus,
751 1533 837 1565 quos
875 1531 973 1566 pater
1016 1533 1158 1567 purgat,
1193 1525 1339 1559 haurire.

201 1583 362 1628 Quorum
386 1581 566 1627 palmitum
592 1583 736 1621 fructus,
773 1582 1030 1616 vulneratorum
1061 1585 1194 1627 sanguis
1216 1586 1339 1620 merito

202 1645 342 1684 dicitur,
379 1657 480 1688 quem
515 1657 552 1676 ex
581 1644 692 1676 verbis
718 1656 836 1676 eorum
864 1654 896 1676 et
930 1645 1086 1678 doctrina
1113 1646 1279 1687 bibimus,
1313 1647 1340 1681 si

200 1716 317 1740 tamen
354 1705 457 1739 simus
487 1714 527 1738 ut
556 1705 657 1738 catuli
687 1705 796 1738 leonis
823 1715 1051 1747 exsurgentes,
1089 1716 1121 1739 et
1144 1718 1181 1741 ut
1203 1709 1259 1742 leo
1285 1723 1340 1742 ex-

201 1769 373 1802 sultantes.
419 1765 514 1799 Haec
537 1765 670 1799 interim
699 1768 741 1800 de
764 1768 914 1800 secunda
938 1767 1067 1801 visione
1084 1768 1225 1803 Balaam
1251 1772 1341 1805 dicta

202 1829 383 1863 sufficiant.
432 1829 578 1863 Oremus
604 1838 715 1861 autem
743 1828 957 1869 Dominum,
988 1839 1025 1862 ut
1048 1831 1148 1864 nobis
1174 1833 1272 1865 etiam
1298 1835 1341 1867 ad

205 1899 332 1932 cetera,
357 1901 444 1935 quae
468 1889 511 1921 ab
536 1902 577 1923 eo
602 1890 806 1936 prophetata
831 1900 927 1931 sunt,
951 1891 1170 1935 intelligenda
1196 1889 1342 1928 lucidio-

246 2013 273 2043 ‘
302 2028 338 2072 ¹)
360 2028 467 2063 Deest
490 2034 566 2070 ’,et“
590 2030 626 2064 in
650 2032 703 2065 ed.
727 2032 849 2066 Ruaei.

298 2083 337 2127 ²)
360 2084 463 2118 Num.
487 2084 617 2126 XXIII,
641 2087 695 2122 24,
900 2089 937 2134 ³)
962 2090 1083 2124 Matth.
1108 2090 1169 2131 XI,
1193 2091 1245 2127 12.

301 2137 340 2183 ⁴)
363 2138 466 2172 Deut.
488 2140 637 2182 XXXII,
661 2144 716 2179 14.
861 2143 897 2186 ⁵)
921 2144 981 2178 Ev.
1005 2146 1131 2180 Joann.
1157 2145 1232 2186 XV,
1257 2148 1286 2181 1.
1310 2148 1341 2182 5.

301 2193 338 2234 ⁶)
363 2194 425 2228 Ev.
447 2194 573 2230 Joanu.
599 2198 676 2239 XV,
702 2201 730 2232 1.
758 2199 835 2233 coll.
859 2201 908 2238 8„
