1427 2460
184 74 252 109 264
671 73 851 106 Omcfflms

183 164 279 198 Deus
305 163 418 197 educit
441 176 521 197 eum
545 163 658 202 foras,
684 175 761 194 cum
786 175 838 196 res
863 163 1031 207 postulat
1066 173 1099 197 et
1123 177 1238 198 rerum
1263 165 1336 199 visi-

183 226 306 260 bilium
340 225 429 258 ratio
464 223 628 269 deposcit.
678 223 794 257 Potest
825 236 904 266 ergo
938 233 969 257 et
999 225 1068 259 hoc
1091 227 1198 260 modo
1223 226 1338 260 multis

183 288 264 328 istis,
291 287 349 332 qui
372 295 451 321 sunt
468 286 555 319 sicut
574 286 690 319 stellae
708 285 828 319 coeli'
817 299 853 318 m
866 286 1096 329 multitudine,
1118 287 1339 333 multiplicari

185 350 394 389 haereditas,
426 358 459 381 et
482 345 607 390 exiguis
631 346 716 386 illis,
747 346 908 380 videlicet
931 348 1006 393 qui,
1040 349 1168 382 etiamsi
1191 363 1337 384 numero

183 411 284 445 multi
318 420 411 450 sunt,
443 408 529 442 sitae
552 417 666 441 tamen
692 421 772 442 suae
798 409 997 450 indignitate
1023 419 1054 444 et
1077 411 1206 445 vilitate
1230 411 1338 454 exigui

186 474 367 513 habemur,
393 471 511 514 exigua
535 470 729 504 haereditas
753 469 847 515 poni.

277 535 310 569 3.’
356 533 444 574 „Per
457 531 491 577 ¹)
508 541 647 571 sortem,
664 532 783 577 inquit,
802 531 864 566 erit
884 533 1098 569 haereditatis
1112 535 1315 570 distributio.
1318 540 1338 556 “

185 596 264 629 Hoc
297 594 436 640 quidem
468 593 698 639 praecipitur,
729 594 790 628 sed
825 607 902 628 cum
934 595 1032 630 venio
1067 598 1108 630 ad
1135 597 1338 642 Scripturas,

192 656 293 690 video
318 656 430 701 ipsum
456 654 591 696 Mosen,
616 655 670 689 cui
693 655 754 688 ista
779 658 997 697 mandantur,
1019 668 1110 692 sorte
1133 672 1205 692 non
1228 659 1279 693 uti
1301 660 1336 693 in

187 717 357 752 divisione
381 716 596 751 haereditatis
620 718 767 758 Ruben,
797 729 830 752 et
856 718 952 759 Gad,
982 729 1015 753 et
1039 720 1200 754 dimidiae
1227 721 1336 755 tribus

149 792 151 794 ·
187 780 360 813 Manasse.
410 779 479 812 Sed
505 789 536 812 et
559 780 657 813 Jesus
682 780 792 820 Nave,
825 790 916 813 extra
948 791 1073 815 sortem
1099 783 1157 815 dat
1181 783 1337 816 haeredi-

184 851 287 875 tatem
325 840 430 873 tribui
462 840 572 880 Juda,
605 850 635 873 et
657 841 693 885 ²)
728 839 856 881 Caleb,
888 851 919 875 et
952 852 1040 876 extra
1073 854 1199 877 sortem
1225 846 1283 879 dat
1307 855 1338 878 et

185 902 291 936 tribui
317 902 462 944 Effrem,
487 911 520 935 et
545 901 706 935 dimidiae
730 903 835 936 tribui
858 903 1098 939 Manasse21n
1123 906 1241 940 ceteris
1264 921 1337 941 sors

183 964 351 1005 mittitur3
389 974 420 997 et
446 965 555 1008 prima
580 977 653 997 sors
679 962 861 1009 Beniamin
887 966 1060 1010 procedit,
1095 977 1127 1001 et
1155 967 1237 1001 inde
1266 968 1336 1015 jam

185 1026 340 1059 tribuum
371 1026 590 1071 reliquarum.
638 1025 743 1058 Unde
768 1035 872 1070 puto,
906 1029 1002 1072 quod
1035 1038 1067 1061 et
1096 1029 1132 1062 in
1161 1029 1218 1062 illa
1243 1031 1338 1073 regni

187 1089 369 1121 coelorum
393 1089 490 1120 beata
515 1087 724 1121 haereditate
749 1097 849 1120 erunt
873 1088 998 1133 aliqui,
1023 1089 1081 1134 qui
1105 1103 1177 1122 non
1201 1090 1337 1124 veniant

185 1149 229 1182 ad
254 1158 399 1189 sortem,
431 1162 543 1193 neque
576 1162 654 1181 cum
683 1148 815 1189 ceteris,
853 1150 1004 1194 quamvis
1028 1151 1095 1184 sint
1117 1151 1240 1192 sancti,
1271 1166 1336 1186 uu-

183 1211 426 1243 merabuntur:
465 1210 524 1243 sed
557 1210 619 1243 erit
651 1210 780 1253 egregia
815 1212 983 1252 quaedam
1015 1222 1047 1245 et
1071 1212 1191 1246 eximia
1216 1226 1337 1247 eorum

184 1253 385 1312 haereditas,
410 1271 497 1305 sicut
519 1271 584 1305 fuit
611 1271 768 1316 caleb-¹³)
793 1284 830 1304 ex
855 1271 945 1306 tribu
960 1272 1062 1314 Juda,
1086 1284 1119 1307 et
1133 1274 1243 1308 Jesu
1233 1276 1336 1321 lpsius

183 1333 247 1367 filii
270 1334 373 1367 Nave.
423 1333 521 1367 Sicut
545 1334 655 1374 enim,
689 1333 783 1366 verbi
809 1347 926 1374 causa,
960 1349 1036 1368 cum
1063 1346 1141 1380 post
1163 1337 1334 1381 proelium

183 1394 370 1429 victoribus
394 1394 593 1440 provinciae
617 1396 812 1440 partiuntur
835 1396 960 1440 spolia,
993 1397 1115 1440 egregii
1150 1398 1278 1443 quique
1302 1409 1334 1433 et

185 1456 299 1490 eximii
329 1457 513 1490 bellatores
544 1470 614 1489 non
650 1470 727 1489 cum
760 1457 875 1490 ceteris
905 1457 1069 1492 militibus
1103 1458 1138 1492 in
1171 1460 1336 1495 divisione

184 1517 378 1563 spoliorum
410 1519 583 1551 ducuntur
614 1519 658 1550 ad
691 1527 834 1559 sortem,
869 1520 929 1552 sed
965 1519 1092 1564 optima
1126 1534 1281 1567 quaeque
1305 1533 1337 1556 et

182 1581 367 1625 praecipua
403 1579 441 1613 iis
475 1579 637 1613 virtutum
676 1579 799 1613 merito
834 1580 1084 1623 decernuntur,
1120 1584 1222 1617 ceteri
1255 1598 1334 1618 vero

182 1650 329 1674 utuntur
363 1650 456 1673 sorte
489 1641 564 1674 solo
601 1640 675 1686 jure
711 1641 889 1674 victoriae:
929 1642 972 1675 ita
1012 1644 1096 1678 mihi
1132 1644 1267 1679 videtur
1305 1657 1335 1681 et

183 1702 357 1736 Dominus
386 1716 482 1736 meus
515 1702 614 1735 Jesus
652 1702 804 1736 Christus
835 1704 1002 1737 facturus.
1035 1707 1201 1750 quosdam
1234 1708 1334 1749 enim,

185 1777 272 1809 quos
297 1763 359 1797 scit
384 1764 613 1797 abundantius
640 1777 742 1809 quam
769 1773 898 1798 ceteros
921 1767 1102 1807 laborasse,
1129 1778 1161 1801 et
1184 1782 1331 1814 quorum

185 1835 274 1866 gesta
299 1825 479 1868 magnifica
506 1825 737 1871 sublimesque
770 1826 905 1860 virtutes
941 1828 1014 1872 ipse
1046 1831 1236 1873 cognoscit,
1267 1831 1333 1866 illis

186 1887 392 1932 praecipuos
426 1900 583 1933 quosque
616 1897 648 1921 et
679 1887 833 1929 eximios,
868 1897 988 1933 atque,
1025 1899 1064 1923 ut
1100 1892 1146 1926 ita
1188 1894 1333 1926 audeam

185 1947 318 1990 dicere,
347 1949 472 1982 similes
503 1948 566 1982 sibi
591 1949 742 1983 honores
767 1949 920 1983 decernit
945 1960 977 1983 et
1000 1952 1133 1993 glorias.
1182 1954 1236 1988 An
1259 1968 1332 1989 non

282 2126 316 2169 ¹)
341 2127 444 2160 Num.
469 2127 596 2168 xxv1,
620 2130 674 2163 55.

275 2181 312 2225 ²)
337 2181 426 2215 Edd.
441 2182 599 2217 Merlini:
616 2195 648 2218 et
668 2185 773 2219 Caleb
788 2196 878 2221 extra
891 2197 1017 2221 sortem
1031 2189 1097 2229 dat,
1109 2197 1142 2222 et
1152 2188 1256 2223 tribui
1269 2199 1328 2223 etc.

277 2237 315 2281 ³)
340 2237 409 2272 Cfr.
438 2241 507 2273 Jos.
533 2239 625 2271 XIV.
