1427 2460
248 62 315 98 106
732 64 908 100 omnus

248 153 365 188 condit
390 155 483 200 quasi
507 155 635 189 alienos
659 168 677 189 a
701 156 789 190 Deo.
847 157 885 190 Si
916 156 1006 190 enim
1037 170 1055 190 a
1086 156 1163 191 Deo
1193 158 1258 192 sibi
1283 159 1379 194 datos

246 217 417 256 crederet,
452 216 551 250 sciret
589 217 706 262 utique
740 220 954 252 munerando
987 220 1176 254 sacerdotes
1207 221 1379 256 honorare

244 279 361 312 Deum
387 279 429 311 de
453 278 538 312 datis
562 288 594 312 et
616 280 815 313 muneribus
837 281 914 316 suis.
969 281 1014 315 Et
1038 282 1149 315 adhuc
1173 290 1211 315 ut
1234 282 1379 327 amplius

246 341 329 373 haec
354 340 569 374 observanda
592 341 693 374 etiam
719 337 908 376 secundum
938 342 1070 377 literam
1100 343 1203 388 ipsiu's
1227 344 1294 379 Dei
1319 358 1378 378 vo·

246 402 340 437 cibus
365 405 570 443 doceantur,
604 404 770 437 addemus
805 405 848 437 ad
879 405 970 438 haec.
1028 406 1199 440 Dominus
1228 406 1309 440 dicit
1340 407 1376 440 in

244 465 452 507 Evangeliis:
483 478 564 505 „vae
581 465 614 509 Ι)
639 465 746 505 vobis,
768 465 901 500 scribae
925 476 956 500 et
973 467 1142 501 Pharisaei
1159 467 1376 513 hypocritae!

245 529 304 574 qui
329 527 501 561 decimatis
523 528 708 567 mentham,
733 528 799 560 hoc
825 537 883 568 est,
908 528 1076 562 decimam
1100 530 1184 563 datis
1207 529 1376 570 menthae,

243 600 277 624 et
301 590 437 637 cymini,
462 599 494 622 et
518 590 642 629 anethi,
668 599 700 622 ct
722 589 928 634 praeteritis,
965 604 1052 635 quae
1073 590 1207 637 majora
1229 600 1308 624 sunt
1329 591 1377 624 le-

243 652 306 695 gis:
335 651 551 698 hypocritae,
588 652 670 684 haec
698 660 833 696 oportet
856 651 948 691 fieri,
989 655 1020 685 et
1049 652 1106 685 illa
1135 666 1208 685 non
1235 651 1377 685 omitti.“

241 714 330 747 Vide
355 726 434 755 ergo
462 713 662 756 diligentius,
687 714 864 758 quomodo
896 726 1008 747 sermo
1034 713 1180 747 Domini
1208 714 1280 747 vult
1302 713 1376 746 fieri

242 760 381 822 quidem
405 775 607 809 omnimode
641 788 728 820 quae
760 774 893 820 majora
924 785 1004 808 sunt
1032 776 1130 817 legis,
1159 789 1231 809 non
1264 785 1378 809 tamen

243 838 351 872 omitti
376 847 408 871 et
430 839 524 877 haec,
550 850 637 881 quae
659 838 847 870 secundum
861 837 992 870 literam
1009 836 1234 878 designantur.
1270 837 1377 880 Quod

239 901 267 935 si
291 900 392 940 dicas,
417 900 494 944 quia
519 899 601 932 haec
626 899 669 932 ad
692 897 893 932 Pharisaeos
924 899 1077 940 dicebat,
1106 912 1179 932 non
1210 900 1253 931 ad
1278 897 1377 932 disci-

239 963 353 1007 pulos,
377 961 457 995 audi
481 961 604 994 iterum
629 960 741 1004 ipsum
761 960 929 993 dicentem
954 962 998 994 ad
1022 959 1224 1004 discipulos:
1247 960 1376 1004 „nisi²)

241 1021 464 1056 abundaverit
483 1021 609 1067 justitia
623 1031 728 1054 vestra
748 1022 824 1066 plus
843 1035 944 1066 quam
965 1021 1227 1055 Pharisaeorum
1242 1030 1275 1054 et
1295 1021 1376 1055 scri-

239 1086 374 1123 barum,
397 1098 471 1117 non
495 1083 661 1116 intrabitis
679 1083 713 1116 in
738 1096 880 1125 regnum
905 1084 1114 1141 coelorumf‘
1162 1083 1270 1127 Quod
1295 1096 1373 1125 ergo

240 1148 310 1180 vult
327 1145 401 1179 fieri
418 1159 436 1179 a
447 1145 646 1184 pharisaeis,
661 1145 770 1177 multo
784 1145 886 1187 magis
907 1154 939 1177 et
957 1144 1088 1190 majore
1102 1158 1181 1178 cum
1196 1146 1375 1178 abundau-

237 1209 282 1242 tia
308 1209 379 1241 vult
402 1221 420 1240 a
445 1207 618 1251 discipulis
640 1207 792 1251 impleri:
818 1208 914 1251 quod
931 1216 1044 1240 autern
1068 1207 1142 1240 fieri
1167 1221 1186 1241 a
1204 1207 1377 1252 discipulis
1388 1228 1408 1248 2

238 1284 313 1304 non
337 1271 424 1309 vult,
453 1282 518 1302 nec
541 1269 733 1302 Pharisaeis
756 1268 899 1313 imperat
931 1268 1136 1303 faciendum.
1183 1269 1374 1313 Quomodo

239 1342 353 1366 autem
377 1332 455 1376 plus
477 1330 555 1363 velit
572 1330 647 1363 fieri
670 1344 688 1363 a
714 1330 884 1375 discipulis
910 1345 1012 1375 quam
1037 1331 1169 1364 faciunt
1191 1330 1374 1370 Pharisaei,

237 1395 273 1428 in
292 1407 332 1427 eo
357 1394 517 1432 declarat,
534 1391 594 1424 ubi
614 1390 710 1424 dicit:
736 1392 938 1436 „dictum³)
964 1401 1012 1425 est
1034 1391 1194 1436 antiquis:
1219 1405 1290 1425 non
1317 1405 1374 1424 oc-

239 1456 360 1490 cides.“
392 1454 470 1487 Hoc
487 1455 668 1487 observant
683 1463 714 1486 et
725 1453 911 1488 Pharisaei.
947 1453 1132 1498 Discipulis
1147 1463 1260 1486 autem
1276 1453 1374 1486 dicit:

236 1518 331 1559 „Ego
346 1516 383 1560 4)
407 1525 521 1550 autem
546 1516 623 1548 dico
652 1515 758 1554 vobis,
782 1515 860 1558 quia
884 1515 911 1548 si
935 1515 1008 1560 quis
1031 1515 1135 1549 iratus
1155 1514 1258 1548 fuerit
1280 1514 1376 1548 fratri

235 1595 311 1621 suo,
334 1593 412 1612 reus
437 1578 498 1612 erit
521 1576 684 1623 judicio.“
726 1576 888 1610 Similiter
901 1587 933 1610 et
947 1578 990 1610 de
1015 1591 1067 1618 eo,
1092 1579 1188 1622 quod
1206 1577 1375 1622 <scriptum

237 1651 301 1676 est:
333 1640 475 1684 ‚‚non⁵)
505 1638 710 1672 adulterabis
720 1642 751 1670 :“
794 1652 934 1671 suorum
970 1638 1217 1684 discipulorum
1256 1639 1292 1671 in
1335 1652 1374 1672 eo

236 1706 309 1738 vult
332 1703 478 1747 amplius
502 1701 678 1734 abundare
702 1699 880 1745 justitiam,
905 1709 943 1732 ut
964 1713 1010 1733 ne
1032 1699 1210 1732 mulierem
1237 1701 1374 1745 quidem

235 1767 372 1800 videant
395 1765 439 1797 ad
464 1761 787 1807 concupiscendum.
843 1761 948 1803 Igitur
973 1775 1010 1794 ex
1034 1762 1102 1803 his,
1119 1761 1156 1805 ⁶)
1181 1775 1269 1807 quae
1292 1776 1374 1807 pro-

236 1827 384 1867 tulimus,
406 1825 534 1870 paucis,
556 1824 583 1857 si
608 1823 666 1868 qui
689 1823 833 1857 studiosi
863 1833 942 1856 sunt
972 1823 1008 1856 in
1038 1823 1211 1869 scripturis
1246 1824 1376 1864 divinis,

234 1888 396 1934 perfacile
420 1886 579 1928 colligere
601 1895 765 1930 poterunt
789 1884 887 1918 etiam
914 1895 1106 1919 ceterorum
1131 1885 1373 1920 distinctiones.

330 2044 364 2088 ¹)
388 2043 510 2077 Matth.
534 2043 664 2083 XXIII,
687 2045 740 2079 23.
838 2043 875 2086 2)
900 2042 1019 2076 Matth.
1046 2043 1168 2083 v‚20.

327 2100 364 2143 ³)
390 2100 512 2133 Matth.
535 2101 577 2140 V,
600 2101 656 2135 21.

328 2157 365 2199 ⁴)
389 2155 511 2188 Matth.
538 2155 578 2195 V,
601 2156 654 2188 22.

330 2211 366 2254 ε·)
392 2211 513 2244 Matth.
539 2211 579 2251 V,
604 2212 656 2246 27.

327 2267 365 2310 ⁶)
391 2266 479 2301 Edd.
504 2266 662 2300 Merlini:
688 2266 733 2301 iis.
