1427 2460
182 112 227 147 37
229 111 251 146 4
569 109 621 143 Ex
645 107 752 143 Ome.
778 109 942 143 samem

187 199 280 237 κατὰ
302 200 410 236 τοῦτο
442 198 574 236 λευκὸν
583 226 594 245 ,
628 201 679 246 τῷ
711 198 824 235 αὐτὸν
848 201 1007 234 συνιῖντι
1030 198 1092 232 καὶ
1115 197 1331 244 τρεφομένῳ

187 262 248 299 ὑπ’
267 262 390 298 αὐτοῦ.
415 258 519 298 ’Ἐστι
534 262 575 297 δὲ
591 263 652 297 καὶ
668 261 755 298 ὡσεὶ
769 259 901 307 πάγος·
915 261 1233 306 συνεστραμμένος
1245 257 1330 306 γὰρ,
1382 300 1383 303 ¹

187 326 252 360 καὶ
272 324 440 368 οὐδαμοῦ
459 325 624 369 πλαδῶν,
650 324 737 360 οὐδὲ
760 322 988 372 διεῤῥυηκώς,
1016 321 1107 357 ἀλλὰ
1132 320 1280 368 πάγιος,
1307 316 1331 355 οἳ

188 384 237 430 δὴ
263 385 422 433 οὐρανοῦ
446 384 566 432 λόγος,
594 388 657 421 καὶ
681 386 925 432 ἀπαγγέλλων
947 383 1038 432 ἡμῖν
1061 383 1104 419 τὰ
1131 381 1298 431 οὐράνια.

278 446 390 494 ‚,‘0¹)
421 446 494 494 γὰρ
519 447 642 496 κύριος
665 446 683 483 ὁ
712 447 798 488 θεός
827 459 894 483 σου
918 444 1095 494 εἰσαγάγῃ
1119 456 1160 482 σε
1186 448 1236 485 εἰς
1258 446 1333 490 γῆν

188 508 337 556 ἀγαθὴν
350 512 412 544 καὶ
425 507 605 554 πολλήν.“
637 508 750 555 Ἡμῖν
773 508 791 545 ὁ
820 507 978 556 Χριστὸς
1003 507 1044 544 οὐ
1065 510 1178 543 ταῦτα
1201 505 1334 543 δώσειν

186 570 384 618 ὑπέσχετο,
421 570 514 607 ἀλλὰ
551 570 719 618 οὐρανῶν
754 574 965 618 βασιλείαν,
1002 572 1065 606 καὶ
1087 572 1159 616 γῆν
1183 568 1334 615 ἀγαθὴν

186 636 249 669 καὶ
275 633 418 678 ἀΐδιον,
450 627 492 679 ἧς
509 635 712 683 χείμαρῥος
736 633 754 669 ὁ
781 633 954 682 Χριστὸς,
988 635 1146 674 ποτίζων
1169 636 1244 671 τοῖς
1273 633 1334 675 τῆς

187 699 323 743 σοφίας
347 694 520 743 νάμασιν.
551 695 834 744 ’.Εκπορεύονται
851 696 892 731 δὲ
917 697 953 730 οἱ
969 696 1168 743 χείμαρῥοι
1185 693 1248 729 διὰ
1261 684 1335 729 τῶν

186 759 327 793 πεδίων
351 760 413 794 καὶ
437 760 620 794 ταπεινῶν
644 761 706 794 καὶ
729 761 898 804 γονίμων
924 755 1153 802 ἀνθρώπων,
1181 758 1244 791 καὶ
1268 754 1332 790 διὰ

186 821 261 855 τῶν
292 819 448 865 ὑψηλῶν
479 820 611 869 ὀρέων,
647 823 722 856 τῶν
755 820 1050 864 ἀνατεινομένων
1083 817 1147 854 διὰ
1171 816 1211 853 τὸ
1238 815 1335 861 ὕψος

187 883 249 926 τῆς
269 886 426 931 θεωρίας
447 885 496 923 εἲς
515 881 705 930 οὐρανούς.
726 881 827 918 Ἐκεῖ
844 881 862 916 ὃ
887 885 984 920 σῖτος
1011 878 1219 928 ὁστηρίζων
1242 892 1335 925 καρ-

188 943 275 978 δίαν
306 942 527 991 ἀνθρώπου,
569 946 631 979 καὶ
668 943 776 992 κριθὴ
809 941 893 983 τοὺς
931 943 1216 990 ὑποδεεστέρους
1251 943 1334 987 τρέ-

188 1015 325 1051 φουσα.
367 1005 507 1050 Ἐκεῖὴ
533 1005 686 1051 ἀληθινὴ
712 1003 874 1052 ἄμπελος
899 1004 917 1040 ὃ
946 1001 1115 1053 Χριστός.
1172 1003 1274 1038 Ἐκεῖ
1294 1002 1335 1037 τὸ

186 1067 312 1103 ἔλαιον
334 1066 374 1103 τὸ
398 1070 572 1105 λιπαῖνον
594 1071 667 1104 τῶν
684 1067 798 1104 ὁσίων
810 1067 872 1107 τὰς
889 1065 1064 1113 κεφαλάς.
1105 1063 1259 1110 Ὁμοίως
1273 1066 1335 1109 καὶ

188 1130 292 1176 ῥοαὶ,
329 1127 369 1165 τὸ
399 1129 514 1176 γλυκὺ
547 1130 618 1177 μὲν
641 1130 798 1166 ἔνδοθεν
823 1132 1022 1176 ([έρουσαι,
1062 1129 1124 1172 τῆς
1153 1128 1336 1166 πολιτείας

189 1192 231 1227 δὲ
253 1190 295 1228 τὸ
320 1191 500 1238 αὐστηρὸν
523 1193 661 1233 ἔξωθεν
684 1190 948 1238 ἐνδυσάμεναι.
968 1190 1069 1226 Ἐκεῖ
1088 1188 1110 1233 ἡ
1136 1191 1239 1233 συκῆ,
1267 1186 1333 1233 οὐχ
1382 1232 1384 1234 v

187 1252 210 1298 ἡ
235 1250 401 1301 ἄκαρπος
423 1257 486 1289 καὶ
509 1252 661 1302 φύλλοις
685 1257 856 1302 κομῶσα,
882 1252 956 1288 ἀλλ>
984 1251 1006 1297 ἡ
1032 1253 1244 1287 πλουτοῦσα
1267 1252 1331 1285 τοῦ

188 1313 398 1362 πνεύματος
419 1315 485 1361 τὴν
507 1314 722 1362 γλυκύτητα.
760 1316 860 1352 Ἐκεῖ
884 1314 902 1350 ὁ
926 1312 1140 1361 γλυκασμὸς
1162 1315 1226 1349 τοῦ
1255 1310 1334 1359 φά-

187 1391 324 1426 ρυγγος
352 1380 418 1414 τοῦ
440 1379 610 1425 Σωτῆρος
647 1376 666 1414 ὁ
693 1377 935 1424 ἐπιθυμητὰς,
974 1378 1037 1412 καὶ
1065 1374 1109 1412 τὰ
1136 1377 1242 1422 χείλη
1272 1376 1334 1419 τῆς

187 1439 230 1475 ἓν
252 1441 303 1486 τῷ
325 1437 462 1486 ᾄσματι
486 1438 635 1487 νύμφης
657 1444 785 1487 κηρίον
809 1437 1072 1483 ἀποσταζοντα,
1098 1440 1161 1473 καὶ
1179 1439 1214 1473 οἱ
1231 1439 1333 1472 λίθοι

189 1503 225 1536 οἱ
249 1500 368 1548 ἅγιοι,
403 1504 439 1537 οἱ
470 1502 533 1537 ἐπὶ
561 1504 623 1546 τῆς
645 1505 712 1548 γῆς
734 1504 965 1541 κυλισθέντες
988 1499 1080 1546 πρὸς
1106 1497 1334 1545 πειμισμοὺς

187 1563 388 1606 ἁνένδοτοι,
413 1565 474 1598 καὶ
493 1561 608 1610 φύσιν
632 1562 783 1610 σιδήρου
808 1561 1121 1610 ἀπομιμούμενοι.
1163 1561 1264 1597 Ἐκεῖ
1285 1560 1330 1596 τὰ

185 1627 345 1671 μέταλλα
359 1627 594 1671 τοῦχαλκοῦ,
621 1626 659 1665 ἐξ
679 1619 723 1661 οὐ
747 1624 813 1671 τὴν
832 1624 963 1670 νοητὴν
987 1626 1201 1660 πανοπλίαν
1225 1636 1333 1659 κατε-

185 1685 385 1723 σκεύασαν.
420 1689 495 1722 Καὶ
518 1687 558 1722 τὸ
574 1685 711 1723 τούτων
731 1686 935 1735 κεφάλαιον
953 1684 1145 1726 ἀπαύστως
1163 1684 1332 1731 εὐλογεῖν

186 1747 252 1784 τὸν
274 1747 376 1788 θεόν.

277 1813 384 1856 ,,Τοῦ
398 1811 435 1856 ²)
461 1810 609 1846 αὐτοῦ.“
658 1810 735 1857 Οὐχ
759 1812 846 1856 ἔστι,
873 1812 983 1858 φησὶ,
1009 1811 1113 1855 πηλῷ
1137 1811 1199 1845 καὶ
1221 1811 1332 1844 πλιν-

185 1877 270 1918 θείᾳ
293 1877 472 1920 μοχθεῖν,
506 1876 569 1907 καὶ
591 1877 857 1919 ταλαιπωρεῖν,
884 1871 975 1907 ἀλλὰ
998 1875 1124 1911 λίθους
1147 1872 1246 1917 ἔχειν
1269 1873 1332 1905 καὶ

185 1933 334 1976 τούτους
356 1933 621 1981 ῗταμωτὰτους,
653 1938 716 1970 καὶ
738 1934 788 1981 μὴ
813 1936 948 1983 ῥαδίως
971 1934 1255 1978 διαλυομένους,
1285 1930 1332 1971 ὠς

185 1999 248 2032 καὶ
272 1998 502 2044 οἰκοδομίαις
524 1997 689 2046 ἐξαρκεῖν
701 1999 762 2032 καὶ
780 1998 842 2032 ἐπὶ
856 1995 951 2032 πολὺ
971 1996 1171 2043 διαμένειν.
1208 1996 1330 2029 Ταῦτα

191 2059 232 2094 δὲ
262 2061 359 2106 λέγει
392 2057 458 2103 τὴν
482 2056 652 2094 διάνοιαν
678 2058 799 2095 αὐτῶν
823 2059 1027 2102 ἀποστῆναι
1050 2059 1110 2101 τῆς
1134 2054 1330 2102 Αἰγύπτου

281 2240 315 2284 ¹)
339 2238 445 2274 Dent.
466 2238 556 2278 VIII,
581 2239 611 2273 7.
637 2259 678 2264 —-
704 2238 812 2276 LX,X.
836 2238 913 2272 viri:
939 2236 1082 2277 εἰσάξει.

277 2295 315 2338 ²)
341 2295 411 2330 Cfr.
436 2307 508 2341 pag.
534 2293 607 2340 huj.
632 2303 705 2330 not.
730 2297 759 2328 1.

1388 2103 1413 2460 Qd-assmaaosszzeu
1400 2083 1408 2090 ⁸
