1427 2460
200 76 266 112 138
685 77 863 111 Ommms

289 169 321 201 4.
346 166 574 211 Subsequitur
597 176 675 211 post
698 167 782 201 hacc
807 176 839 201 et
862 167 925 200 alia
950 167 1100 203 historia.
1147 168 1205 202 Ait
1229 170 1336 204 enim:
1374 166 1381 175 ³

199 229 302 273 „et¹)
325 229 414 263 misit
436 229 583 268 Moses,“
608 237 685 268 aut,
723 239 760 262 ut
791 230 936 264 habetur
965 229 1000 263 in
1025 230 1203 264 nonnullis
1227 243 1336 265 exem-

197 292 366 337 plaribus:
402 299 456 330 „et
485 290 575 324 misit
603 290 707 323 Israel
731 291 858 333 legatos
882 293 925 324 ad
949 291 1044 325 Seon
1075 304 1188 334 regem
1213 294 1338 327 Amor-

197 354 394 392 rhaeorum,
417 352 527 386 verbis
550 351 702 396 pacificis
727 352 859 386 dicens:
883 354 1101 388 transibimus
1124 367 1187 398 per
1211 364 1336 388 terram

196 424 304 456 tuam,
328 427 391 459 per
413 414 500 447 viam
525 414 762 456 transibimus,
798 428 871 448 non
896 416 1142 450 declinabimus
1165 429 1278 462 neque
1301 417 1336 450 in

197 489 326 519 agrum,
349 489 462 521 nequc
485 476 521 509 in
553 476 695 510 vineam.
750 478 833 511 Non
862 478 1019 512 bibemus
1043 491 1166 522 aquam
1192 480 1235 512 de
1259 479 1336 512 lacu

195 548 268 579 tuo,
292 538 344 572 via
368 540 459 580 regia
482 538 689 579 incedemus,
712 552 820 583 usque
833 552 904 583 quo
917 549 1123 586 transeamus
1139 541 1224 574 fines
1247 550 1336 576 tuos.

194 601 240 634 Et
262 614 335 634 non
360 601 526 634 concessit
550 601 661 641 Seon,
692 610 729 633 ut
753 602 855 634 Israel
878 601 1036 636 transiret
1056 614 1119 646 per
1140 603 1224 636 fines
1247 616 1336 636 suos.

194 664 240 696 Et
265 663 401 705 collegit
424 663 516 696 Seon
545 676 684 696 omnem
707 664 880 707 populum
900 677 1018 703 suum,
1042 673 1075 696 et
1098 663 1176 697 exiit
1198 664 1338 705 bellige-

195 739 271 758 rare
296 726 473 758 adversum
490 724 589 758 Israel
605 725 640 757 in
666 725 809 765 deserto,
835 735 867 758 et
891 725 1028 758 venitin
1049 726 1178 766 Assaar,
1202 735 1234 759 ct
1252 739 1334 759 con-

194 800 322 829 gressus
347 796 395 820 est
421 800 498 820 cum
523 787 646 819 Israel:
679 796 711 819 et
734 787 898 832 percussit
930 800 1008 820 eum
1033 788 1136 820 Israel
1159 800 1244 821 nece
1267 784 1348 829 gla-'

195 849 253 889 dii,
278 859 310 882 et
334 847 501 883 dominati
523 857 602 882 sunt
625 858 733 881 terrae
758 847 860 893 ejus.“
916 848 1066 881 Historia
1099 849 1238 894 quidem
1264 863 1336 882 ma-

194 911 315 944 nifesta
341 920 396 950 est,
422 911 481 943 sed
501 911 726 954 deprecemur
745 910 949 950 Dominum,
976 920 1014 943 ut
1037 911 1167 955 aliquid
1193 911 1333 952 dignum

192 971 362 1019 possimus
383 970 603 1005 interioribus
635 971 706 1017 ejus
729 972 883 1005 sensibus
906 973 1093 1017 pervidere.
1153 973 1247 1006 seon
1272 974 1335 1006 du-

193 1035 319 1079 plicem
352 1034 455 1066 habet
491 1032 825 1077 interpretationem,
865 1035 934 1066 sive
974 1036 1080 1067 arbor
1113 1034 1336 1075 infructuosa,

192 1097 262 1130 sive
285 1097 400 1128 elatus.
447 1094 554 1127 Mittit
576 1093 678 1136 igitur
702 1094 804 1127 Israel
827 1097 953 1137 legatos
971 1098 1015 1129 ad
1039 1096 1144 1135 Seon,
1167 1096 1268 1129 mittit
1292 1097 1334 1130 ad

193 1159 355 1192 arborem
385 1156 652 1195 infructuosam,
688 1155 792 1188 mittit
824 1158 867 1189 ad
902 1158 1046 1197 elatum,
1083 1167 1114 1190 et
1135 1152 1333 1203 superbum.
1383 1182 1398 1192 Δ,

192 1221 259 1253 Hic
285 1228 396 1252 autem
430 1218 524 1251 Seon
549 1231 606 1251 rex
630 1227 678 1251 est
703 1218 1014 1259 Amorrhaeorum‚
1047 1219 1106 1263 qui
1139 1228 1171 1253 et
1194 1209 1257 1265 ifisi
1281 1220 1333 1253 in·-

190 1289 422 1326 terpretantur
452 1279 488 1312 in
518 1279 780 1312 amaritudinem
806 1280 1032 1321 adducentes,
1063 1283 1115 1314 vel
1147 1282 1335 1327 loquentes.

190 1343 299 1377 Mittit
322 1355 401 1385 ergo
427 1342 470 1373 ad
496 1342 590 1374 Seon
622 1354 736 1382 regem
770 1341 1064 1375 Amorrhaeorur'n
1097 1343 1230 1384 Moses,
1259 1357 1332 1376 ver-

191 1407 244 1438 bis
274 1403 422 1448 pacificis
456 1402 588 1437 dicens:
623 1401 862 1442 „transibimus
876 1402 913 1447 ²)
952 1416 1015 1447 per
1046 1412 1173 1437 ten-am
1209 1411 1333 1438 tuam-‘⁶

190 1468 228 1501 Si
252 1467 442 1500 secundum
473 1464 683 1509 spiritualem
713 1463 969 1505 intelligentiam
1002 1464 1203 1505 dixerimus,
1239 1465 1332 1499 Seou

189 1541 305 1570 regem
328 1527 470 1569 figuram
495 1535 612 1559 tenere
637 1526 786 1564 diaboli,
809 1527 885 1569 quia
911 1526 984 1571 ipse
1008 1536 1057 1560 est
1080 1527 1202 1567 elatus,
1226 1537 1258 1561 et
1281 1527 1333 1561 in-

189 1578 526 1632 fructuosuszputo,
550 1589 644 1632 quod
669 1601 741 1620 non
767 1588 889 1620 debeas
914 1588 1042 1628 mirari,
1067 1590 1164 1633 quod
1180 1601 1258 1621 eum
1280 1590 1331 1622 di-

189 1651 297 1685 xerim
321 1662 446 1691 regem,
473 1663 550 1683 cum
577 1650 694 1683 audias
719 1650 820 1682 ctiam
845 1638 956 1694 ipsum
981 1650 1174 1683 Dominum
1201 1659 1234 1683 et
1258 1650 1334 1684 Sal-

189 1724 341 1747 vatorem
364 1721 520 1745 nostrum
545 1713 589 1759 ιἰῑιι
605 1711 792 1755 Evangeliis-
818 1713 860 1745 de
885 1725 926 1745 eo
953 1711 1139 1745 dicentem:
1170 1712 1333 1756 „eccc,3)

188 1789 282 1808 nunc
307 1774 398 1807 venit
421 1773 580 1818 princeps
605 1772 705 1818 hujus
730 1773 871 1814 niu-ndi,
905 1784 936 1806 et
967 1774 1004 1806 in
1029 1787 1085 1807 me
1108 1787 1181 1807 non
1203 1774 1332 1807 invenit

188 1838 404 1881 quicquam.“
449 1836 494 1868 Et
518 1836 658 1868 iterum:
691 1835 857 1879 ,‚ecce‚⁴)
889 1820 1047 1880 princeiis
1079 1835 1182 1881 hujus
1211 1836 1332 1869 mundi

187 1899 340 1932 mittetur
364 1899 486 1931 foras.“
554 1897 590 1930 Si
621 1909 700 1938 ergo
737 1897 841 1930 totius
873 1897 995 1930 mundi
1018 1897 1178 1942 prinecps
1202 1910 1271 1930 esse
1295 1897 1329 1929 in

186 1960 377 2012 Evangeliis
401 1959 542 1999 dicitur,
578 1972 651 1991 non
684 1959 786 1991 debet
816 1960 1001 1992 absurdum
1027 1958 1151 1998 videri,
1184 1958 1211 1993 si
1237 1960 1329 1993 Seon

187 2022 256 2062 regi
280 2022 591 2061 Amorrhaeorum,
627 2021 678 2053 vel
717 2020 816 2054 etiam
847 2019 919 2053 aliis
949 2020 1156 2065 quibuslibet
1179 2020 1327 2063 gentium

282 2159 318 2203 ¹)
343 2160 445 2192 Num.
471 2160 566 2198 XXI,
589 2161 743 2194 21-24,

280 2215 318 2256 ²)
342 2216 445 2247 Num.
472 2215 566 2253 XXI,
592 2217 646 2250 22.
742 2217 779 2258 3¹)
806 2217 1015 2250 Endoann.
1041 2217 1134 2257 xlv,
1159 2218 1211 2251 30.

282 2270 317 2311 ⁴)
342 2271 401 2303 Ev.
426 2272 550 2304 Joann.
576 2270 652 2310 ΧΠ,
677 2272 729 2304 31.
