1427 2460
354 77 392 101 m
416 67 593 100 Nummos
617 64 779 99 ΗοΜιιιΑ
806 66 880 99 XV.
1135 69 1199 103 177

61 170 141 191 men
166 157 215 191 illi
246 157 356 191 Jacob
387 165 418 189 et
449 154 613 200 spirituali
638 156 756 195 Israel,
789 169 865 189 cum
899 155 942 189 ad
973 156 1196 199 ecclesiam1)

62 218 311 263 primitivorum
343 216 594 254 adscenderint,
632 217 746 251 nullus
784 216 1042 261 exaequabitur,
1084 218 1197 250 nullus

63 279 318 318 admiscebitur,
350 277 477 311 etiamsi
507 277 590 311 istae
621 288 734 320 gentes
764 280 951 311 secundum
991 277 1077 310 dicta
1114 291 1197 323 pro-

62 340 196 385 phetica
219 340 345 373 suerint
366 339 543 373 restitutae.
592 339 663 372 Nisi
688 340 777 372 enim
801 339 945 372 insertus
959 339 995 383 ²)
1019 340 1122 372 fuerit
1144 330 1197 373 νει-ζ

62 415 137 435 mus
161 400 305 440 oleastri,
329 411 362 434 et
384 401 494 434 socius
518 402 622 434 factus
645 401 747 433 fuerit
770 400 874 433 radici
892 400 1107 443 pinguedinis
1131 401 1198 434 oli*

62 475 131 503 vae,
155 463 332 507 quomodo
363 472 474 506 potest
503 462 623 495 sociari
655 472 686 495 et
719 461 879 506 conjungi
910 463 953 494 ad
984 462 1113 501 Jacob,
1145 463 1196 495 vel

60 523 181 564 Israel,
217 537 294 556 cum
328 522 400 557 sine
430 522 490 556 ista
521 523 635 556 radice
666 536 728 556 nec
751 523 861 556 Jacob
887 522 1064 567 quisquam
1089 523 1198 568 possit

60 585 235 630 appellari,
258 597 320 617 nec
345 583 470 617 Israel?
515 585 635 628 Neque
667 592 745 626 ergo
773 597 810 617 ex
833 584 943 616 Jacob
969 585 1020 617 vel
1045 584 1145 617 Israel
1169 585 1196 618 si

60 646 134 690 quis
156 655 285 691 peccat,
306 646 418 679 Jacob
443 645 509 679 dici
533 645 585 677 vel
610 645 712 678 Israel
735 654 855 689 potest,
889 658 1002 690 neque
1026 658 1064 677 ex
1089 646 1196 687 genti*-

59 708 124 740 bus
146 707 174 741 si
197 707 270 752 quis
293 707 459 749 ingressus
483 707 584 740 suerit
614 707 787 739 ecclesiam
812 706 972 747 Domini,
1006 706 1094 739 inter
1116 720 1196 749 gen-

60 776 108 801 tes
132 769 221 801 ultra
253 767 483 812 reputabitur:
515 768 610 812 „quis
623 768 659 812 ³)
690 767 900 809 investigabit
929 781 1043 800 semen
1074 768 1195 807 Jacob,

36 838 93 862 -et
117 829 191 873 quis
215 829 444 865 dinumerabit
467 829 603 873 plebem
629 828 778 862 Israel?“
826 829 944 862 Simile
976 838 1021 862 est
1045 829 1113 862 hoc
1135 828 1196 868 illi,

60 890 156 935 quod
174 891 336 935 scriptum
362 899 425 929 est,
459 890 538 934 quia
572 890 708 930 „eduxit
719 889 756 935 4)
781 891 874 924 Deus
899 890 1072 924 Abraham
1096 891 1198 930 foras,

64 960 97 984 et
119 951 165 984 ait
188 952 236 984 ei:
260 950 390 996 respice
415 952 458 983 ad
483 949 628 991 coelum,
653 961 685 984 et
708 953 884 985 dinumera
908 952 1028 991 stellas,
1051 951 1078 985 si
1100 961 1197 996 potes

59 1012 275 1046 dinumerare
297 1025 368 1045 eas:
393 1021 424 1045 et
448 1012 509 1047 ait:
533 1013 579 1046 ita
603 1017 667 1046 erit
688 1025 803 1046 semen
826 1022 933 1046 tuum.
989 1013 1032 1045 Et
1056 1012 1198 1046 credidit

60 1073 235 1106 Abraham
267 1073 365 1114 Deo,
404 1084 435 1107 et
466 1084 662 1118 reputatum
697 1084 743 1108 est
771 1073 821 1107 illi
846 1076 889 1107 ad
916 1073 1107 1119 justitiam.“
1151 1074 1197 1107 Et

58 1133 233 1166 Abraham
258 1133 415 1178 quidem,
452 1144 483 1168 et
507 1135 590 1169 alius
617 1135 760 1180 quilibet
783 1136 980 1174 hominum,
1016 1144 1072 1167 aut
1096 1134 1197 1168 etiam

59 1195 277 1236 angelorum3
316 1196 465 1230 fortassis
479 1196 514 1240 ⁵)
555 1205 667 1229 autem
706 1205 739 1228 et
773 1196 989 1241 superiorum
1025 1183 1197 1235 virtutum,

58 1262 132 1288 nou
162 1256 369 1301 poterantfi)
397 1269 578 1290 numerare
607 1258 735 1296 stellas,
771 1269 835 1289 nec
866 1269 982 1289 semen
1013 1256 1198 1297 Abraham,

59 1317 102 1349 de
127 1329 195 1360 quo
227 1316 390 1362 scriptum
424 1327 489 1351 est:
531 1318 598 1358 „sic
611 1318 646 1362 ⁷)
677 1319 741 1351 erit
773 1331 889 1351 semen
918 1322 1047 1350 tuum.“
1102 1318 1197 1351 Deus

58 1387 190 1418 autem,
218 1378 354 1423 dequo
378 1378 541 1424 scriptum
566 1387 630 1412 est:
661 1379 791 1424 ,‚qui³)
821 1387 981 1411 numerat
1008 1378 1199 1412 multitudi-

57 1452 137 1472 nem
161 1440 344 1480 stellarum,
369 1449 401 1472 et
425 1439 584 1473 omnibus
607 1439 647 1473 iis
670 1439 811 1473 nomina
837 1450 934 1476 vocat
945 1444 974 1472 ·.“
1004 1448 1036 1473 et
1060 1441 1119 1485 qui
1143 1440 1196 1473 di-

56 1500 121 1533 xit:
146 1513 231 1543 „ego
245 1502 282 1545 ⁹)
312 1501 415 1535 stellis
446 1501 606 1535 omnibus
637 1501 796 1534 mandavi
807 1506 836 1534 :⁸⁴
868 1511 979 1546 potest
1001 1502 1197 1543 investigare

59 1573 175 1594 semen
198 1562 329 1603 Jacob,
360 1572 393 1596 et
425 1563 642 1596 dinumerare
671 1563 808 1608 plebem
841 1562 953 1597 Israel.
1006 1561 1082 1607 Ipse
1106 1562 1195 1595 enim

58 1621 120 1655 scit
143 1623 252 1666 solus,
277 1624 352 1668 quis
367 1624 424 1668 ¹⁰)
448 1637 525 1657 vere
548 1625 590 1658 sit
608 1625 737 1665 Jacob,
769 1633 802 1658 et
825 1624 898 1669 quis
923 1636 1000 1657 vere
1017 1623 1064 1666 sit
1086 1623 1196 1658 Israel.

40 1683 140 1715 'Non
163 1683 255 1716 enim
280 1684 323 1718 ad
348 1698 443 1727 eum,
477 1686 536 1730 qui
558 1685 595 1718 in
625 1685 805 1719 manifesto
828 1685 979 1718 Judaeus
1004 1693 1068 1724 est,
1091 1685 1196 1729 respi-

58 1743 120 1776 cit:
143 1756 257 1789 neque
281 1746 325 1778 ad
350 1759 440 1787 eam,
471 1760 558 1791 quae
588 1747 764 1780 manifeste
787 1746 822 1779 in
847 1758 948 1779 carne
980 1754 1028 1778 est
1053 1745 1196 1778 circum-

58 1804 160 1838 cisio:
183 1806 242 1838 sed
266 1805 357 1839 videt
378 1806 487 1847 illum,
511 1808 569 1852 qui
591 1808 628 1841 in
653 1808 789 1841 occulto
813 1806 965 1840 Judaeus
990 1815 1054 1845 est,
1085 1816 1116 1839 et
1139 1806 1197 1850 qui

153 1904 188 1948 ¹)
215 1904 284 1938 Cfr.
310 1906 415 1940 Hebr.
439 1907 516 1948 XII,
538 1908 594 1944 23.

153 1959 189 2003 ²)
217 1960 286 1995 Cfr.
312 1960 415 1994 Rom.
438 1958 499 2001 XI,
523 1963 575 1996 17.
599 1976 691 2008 seqq.

151 2017 188 2060 3)
214 2019 315 2050 Num.
338 2016 468 2058 XXIII,
492 2019 546 2052 10.
639 2019 676 2063 4)
702 2017 825 2051 Genes.
850 2018 926 2059 XV,
948 2019 980 2051 5.
1006 2016 1037 2052 6.

150 2073 188 2117 ⁵)
211 2073 276 2105 Ed.
300 2072 409 2106 Ruaei
431 2075 520 2107 sola:
547 2083 580 2107 et
601 2073 752 2108 fortassis
777 2083 890 2108 autem
917 2083 977 2107 etc.

149 2128 188 2172 6)
211 2127 302 2161 Edd.
329 2128 488 2162 Merlini:
513 2138 658 2173 poterat.
754 2129 790 2174 ⁷)
817 2129 940 2163 Genes.
964 2129 1040 2169 XV,
1064 2129 1096 2162 5.

149 2183 186 2226 ¹³)
211 2183 339 2216 Psalm.
369 2183 535 2225 CXLVII,
560 2185 592 2218 4.
688 2184 726 2228 ⁹)
750 2185 852 2219 Jesai.
875 2186 980 2225 XLV,
1004 2186 1056 2218 12.

130 2239 187 2284 ¹⁰)
211 2234 301 2271 Edd.
327 2238 484 2272 Merlini:
510 2240 570 2285 qui
593 2253 670 2274 vere
694 2241 735 2274 sit
758 2242 881 2280 Jacob,
904 2251 936 2273 et
961 2240 1112 2284 quivere
1136 2248 1199 2273 etc,

57 2299 241 2333 Omossms
267 2299 406 2333 OPERA.
433 2300 530 2334 Tom.
554 2301 596 2334 X.
891 2302 936 2335 12
