1427 2460
357 80 394 104 m
419 69 598 103 Nummos
624 67 785 101 HommA
800 66 890 99 VIII.
1153 63 1195 97 71

51 163 108 198 ille
125 161 222 208 prior
232 173 298 206 pro
324 158 544 204 quadraginta
561 157 692 191 dierum
715 156 838 189 delicto
852 153 1072 200 quadraginta
1098 152 1194 186 annis

52 224 222 258 cruciatur
232 223 268 256 in
281 223 424 261 deserto,
436 234 500 254 nec
516 229 641 253 terram
654 227 804 252 sanctam
819 217 960 250 introire
975 214 1192 260 permittitur,

51 285 237 320 similitudo
262 283 428 328 quaedam
452 281 557 315 futuri
581 279 699 327 judicii
715 280 849 313 videtur
865 279 1009 318 ostendi,
1033 276 1094 309 ubi
1111 289 1193 320 pec-

52 357 205 381 catorum
240 344 327 378 ratio
364 343 578 377 discutienda
621 351 686 375 est:
724 341 788 374 nisi
820 340 880 374 crit
906 340 1019 384 aliqua
1051 340 1192 372 sortasse

52 409 151 442 etiam
175 407 351 439 bonorum
375 419 521 451 operum
547 403 801 448 compensatio,
838 402 890 434 vel
923 401 1022 434 etiam
1060 412 1191 440 eorum,

51 483 137 515 quae
160 468 196 502 in
219 467 284 501 vila
307 481 368 501 sua
394 466 625 512 unusquisque
656 465 745 498 mala
778 464 914 508 recipit,
949 472 986 495 ut
1017 462 1191 495 Abraham

50 532 93 564 dc
115 531 243 563 Lazaro
268 528 446 572 docuit.¹)
476 527 569 560 ,Sed
602 527 686 560 haec
716 525 842 559 nullius
877 535 924 558 est
956 525 998 557 ad
1022 524 1190 564 integrum

48 605 158 632 nosse,
182 591 245 624 nisi
270 591 370 632 illius,
397 589 450 623 cui
476 602 578 623 omne
600 587 766 634 judicium
782 586 922 620 tradidit
938 595 1044 631 pater.
1084 584 1192 628 Quod

50 663 162 687 autem
188 652 258 686 dies
280 651 412 696 peccati
435 650 471 683 iu
495 663 624 682 annum
647 663 780 695 poenae
812 658 989 694 reputetur
1004 672 1012 688 ‚
1034 660 1107 679 non
1132 659 1188 678 so-

50 715 123 747 lum
147 715 181 748 in
207 715 274 747 hoc
298 713 398 752 libro,
422 711 457 745 iu
482 725 551 756 quo
576 710 663 744 nihil
695 712 837 745 omnino
864 719 928 750 est,
959 709 1051 754 quod
1090 707 1191 740 dubi-

48 775 112 809 tari
137 775 258 821 possit,
282 774 483 814 ostenditur,
507 774 566 807 sed
592 783 623 806 et
644 773 679 806 in
705 773 822 807 libello
847 770 1060 813 Pastoris,²)
1085 769 1111 801 si
1135 767 1191 801 cui

49 847 161 870 tamen
184 837 351 881 scriptura
374 836 431 869 illa
456 835 649 880 recipienda
674 835 824 874 videtur,
857 833 977 867 similia
1011 832 1190 872 designan-

48 909 116 932 tur.
167 899 237 931 Sed
266 899 406 931 sortasse
438 896 557 942 aliquis
587 906 688 938 neget
718 895 863 929 bonitati
895 895 961 928 Dei
994 892 1188 931 convenire,

48 971 86 994 ut
109 974 174 1006 pro
198 960 299 993 unius
324 959 390 993 diei
414 968 556 1004 peccato
581 972 709 992 annum
733 957 982 1003 suppliciorum
1007 955 1190 999 rependat:

50 1021 131 1067 quin
156 1021 226 1054 imo
252 1022 351 1061 dicet,
376 1020 502 1054 etiamsi
528 1020 617 1054 diem
642 1034 706 1066 pro
733 1020 787 1054 die
805 1020 934 1058 reddat,
960 1016 1110 1062 quamvis
1134 1014 1188 1060 ju-

18 1099 20 1109 1
50 1092 128 1123 stus,
152 1096 224 1116 non
249 1092 363 1115 tamen
389 1082 536 1116 clemens
561 1082 789 1121 videturesse,
814 1091 871 1114 aut
883 1079 1059 1121 benignus.
1097 1076 1188 1110 Audi

50 1156 128 1186 ergo
153 1145 195 1178 ad
220 1145 313 1183 haec,
336 1143 362 1177 si
383 1144 473 1176 forte
496 1144 665 1188 possimus
690 1143 924 1176 difficultatem
955 1140 1004 1173 rei
1029 1137 1188 1182 exemplis

49 1205 271 1239 lucidioribus
297 1206 484 1250 explanare.
533 1205 570 1238 Si
593 1205 715 1237 vulnus
741 1203 879 1248 corpori
904 1201 1094 1243 infligatur,
1129 1208 1188 1232 aut

51 1279 88 1299 os
113 1266 363 1308 confringatur,
393 1276 451 1299 aut
478 1279 662 1299 nervorum
693 1265 851 1311 junctura
884 1264 1087 1302 resolvatur,
1122 1262 1186 1294 sub

50 1326 148 1360 unius
174 1328 277 1359 borae
299 1327 409 1372 spatio
441 1326 641 1373 hujusmodi
671 1328 810 1359 vulnera
839 1327 951 1359 solent
982 1322 1187 1368 corporibus

49 1389 219 1428 accidere,
261 1399 292 1421 et
326 1387 481 1433 plurimis
507 1390 728 1433 postmodum
761 1387 964 1420 cruciatibus
988 1399 1026 1419 ac
1054 1383 1187 1418 dolori-

48 1451 110 1483 bus
134 1449 263 1488 exactis,
286 1450 395 1483 mullo
420 1450 471 1483 vix
494 1459 651 1495 tempore
673 1449 802 1483 sanari:
828 1447 944 1494 quanti
964 1448 1054 1480 enim
1072 1456 1187 1479 tumo-

35 1512 160 1544 -resin
185 1512 284 1550 loco,
315 1521 441 1556 quanta
471 1521 643 1545 tormenta
672 1509 896 1554 generamur?
941 1511 1020 1542 Jam
1053 1521 1132 1541 vero
1158 1508 1185 1541 si

49 1572 189 1611 accidat,
212 1581 251 1605 ut
272 1573 307 1606 in
332 1574 454 1606 eodem
476 1574 636 1614 vulnere,
670 1575 722 1606 vel
752 1573 788 1606 in
813 1574 930 1606 eadem
954 1573 1100 1604 fractura
1125 1569 1186 1602 ite-

49 1647 125 1668 rum
151 1643 182 1666 et
204 1633 337 1678 saepius
362 1636 434 1679 quis
458 1636 670 1676 vulneretur,
701 1635 978 1680 frequentiusque
1002 1635 1185 1674 frangatur,

50 1696 182 1741 quantis
213 1696 279 1728 hoc
309 1697 428 1740 poenis
461 1697 589 1737 curari,
623 1707 655 1730 ct
684 1697 816 1741 quantis
846 1705 958 1741 potest
982 1694 1184 1727 cruciatibus

49 1757 239 1791 medicari?
286 1756 426 1801 Quanto
450 1768 563 1791 autem
586 1768 752 1803 tempore,
774 1757 802 1791 si
825 1767 938 1791 tamen
957 1755 1117 1802 potuerit,
1141 1755 1183 1787 ad

0 1821 3 1823 ’
49 1819 224 1854 sanitatem
248 1819 471 1862 perducitur?
504 1829 536 1853 et
565 1819 616 1853 vix
648 1820 833 1864 aliquando
856 1819 902 1852 ita
928 1818 1120 1856 curabitur,
1149 1826 1187 1850 ut

50 1883 101 1914 vel
127 1879 334 1913 debilitatem
359 1882 526 1925 corporis,
548 1883 599 1914 vel
623 1881 821 1914 foeditatem
846 1879 1006 1913 cicatricis
1038 1878 1184 1919 effugiat.

53 1942 176 1976 Transi
203 1955 296 1974 nunc
327 1942 369 1974 ab
405 1943 561 1987 exemplo
606 1942 760 1986 corporis
790 1943 833 1975 ad
870 1941 1002 1974 animae
1033 1942 1181 1974 vulnera.

52 2003 177 2036 Anima
202 2002 333 2048 quoties
357 2012 493 2047 peccat,
528 2003 625 2037 toties
652 2005 856 2037 vulneratur.
909 2003 954 2036 Et
982 2017 1026 2036 ne
1051 2003 1184 2036 dubites

50 2065 198 2110 peccatis
228 2078 301 2097 eam
335 2065 426 2097 velut
457 2065 531 2098 telis
563 2073 597 2098 et
626 2065 745 2107 gladiis
768 2065 955 2106 vulnerari,
984 2065 1062 2099 audi
1090 2066 1183 2109 Apo-

146 2205 180 2246 ¹)
207 2203 275 2237 Cfr.
299 2203 380 2237 Luc.
403 2204 496 2243 XVI,
521 2205 572 2239 19.
597 2218 690 2251 seqq.

145 2259 182 2303 ²)
208 2258 277 2292 Csr.
301 2258 450 2293 Hermae
473 2259 531 2294 lib.
558 2261 616 2294 III.
641 2261 815 2296 similitud.
840 2260 895 2295 Vl.
920 2267 991 2305 cap.
1016 2259 1073 2295 lV.
