1427 2460
537 67 816 94 PROLEGOMENA.
1217 69 1256 96 lx

115 156 282 198 tempore
304 150 492 185 recitasse.
539 150 613 184 Sed
635 150 729 184 unde
753 148 924 184 habuerit
935 147 992 182 vir
1015 147 1253 194 clarissimus,

113 214 291 259 mysticas
313 211 428 247 fuisse
449 211 624 246 meditate
654 223 722 258 per
747 210 860 245 oti-um
885 209 1112 254 elaboratas,
1145 214 1183 246 et
1205 213 1252 248 ab

116 275 276 321 Origene
298 274 399 320 ipso„
417 283 491 308 non
515 273 560 308 ab
587 273 763 308 actuariis
786 272 923 315 editas,
948 272 986 306 id
1011 282 1098 307 sane
1122 273 1250 309 dubito

85 339 87 341 ’
113 348 158 372 an
189 337 402 381 cujusquam
432 334 568 369 veteris
601 335 795 382 scriptoris
838 334 1060 369 auctoritate
1088 335 1252 381 probare

111 397 285 444 potuerit.
342 397 452 432 Certe
474 397 597 442 maj0r
619 407 706 443 pars
730 396 991 443 septemdecim
1015 395 1251 433 homiliarum

110 459 147 493 in
182 459 343 494 Genesin·
376 458 544 505 mysticis
575 458 743 493 sensibus
777 458 989 493 enarrandis
1018 458 1249 505 impenditur.

112 521 210 564 Quid
235 531 327 566 ergo*
355 531 417 556 eas
441 523 540 555 vetat
562 520 738 566 mysticas
764 519 855 562 dici,
890 522 927 554 et
954 521 1098 566 partem
1122 521 1252 566 mysti-

111 593 241 617 carum
259 582 506 625 homiliarum,
532 593 684 627 quarum
701 581 949 627 Hieronymus
974 581 1066 615 duos
1091 591 1251 617 comme-

109 648 233 679 morat
255 644 383 679 libros.
438 645 486 679 Ut
508 648 548 679 ut
572 648 645 686 est,
670 643 888 689 superstites
911 643 1022 678 hasce
1046 644 1252 689 septemde-

111 705 183 740 cim
207 705 389 747 homilias,
409 705 579 751 Origenis
598 715 683 740 esse
706 705 826 740 nullus
842 704 1030 739 dubitandi
1053 705 1161 740 locus
1185 710 1250 741 est.

111 768 374 812 Praeterquam
398 768 496 812 quod
521 768 616 802 enim
640 765 816 802 homiliae
841 767 1042 811 secundae,
1066 767 1130 801 ubi
1154 767 1252 803 Noe'-

108 829 205 863 ticae
228 839 337 863 arcae
360 828 502 864 fabrica
527 829 734 875 exponitur,
758 828 899 874 integer
915 828 993 863 fere
1008 839 1130 864 sermo
1149 839 1252 875 grae-

111 901 174 924 cus
205 890 258 924 in-
269 890 438 925 omnibus
471 891 610 926 catenis
637 891 702 925 sub
730 890 901 936 Origenis
924 890 1072 925 nomine
1095 890 1252 925 circum-

107 951 235 996 fertur,
261 953 293 987 si
317 956 453 988 attente
476 953 610 999 legeris
635 952 826 987 homiliam
851 952 1042 1002 decimam,
1073 962 1252 999 agnosces

108 1015 204 1049 unde
237 1015 384 1050 sanctus
407 1015 621 1050 Eustathius
652 1015 688 1049 in
713 1003 973 1049 dissertatione
999 1015 1042 1048 de
1066 1013 1251 1059 Engastri-

108 1076 236 1121 mytho
272 1076 488 1111 criminandi
523 1076 694 1121 Origenis
736 1087 861 1112 ansam
898 1075 1115 1122 arripuerit,
1153 1076 1251 1120 quod

108 1148 240 1184 nempe
263 1140 367 1173 Isaac
392 1142 428 1173 et
450 1139 648 1173 Rebeccae
670 1149 732 1173 res
755 1143 876 1183 gestas
899 1137 1120 1181 immutarit3
1149 1136 1251 1171 inau-

109 1210 170 1233 res
197 1204 233 1234 et
257 1200 433 1242 armillas,
458 1209 648 1234 sermones
674 1210 757 1233 esse
782 1209 915 1234 aureos
940 1199 1085 1241 dixerit,
1112 1202 1152 1233 et·
1173 1198 1251 1232 uni-

108 1271 253 1295 versum
285 1260 441 1306 denique
472 1264 721 1306 argumentum
756 1271 825 1306 per
854 1261 928 1295 vim
960 1261 1173 1303 distortum,
1205 1259 1249 1294 ad

108 1333 162 1365 ea,
188 1333 280 1367 quae
305 1322 426 1356 animo
441 1326 640 1357 cernuntur
664 1326 700 1357 et
722 1323 868 1357 ratione
890 1322 1153 1367 intelliguntur,
1177 1326 1251 1356 tra-

109 1385 274 1427 ductum,
304 1383 600 1419 cavillationibus
633 1384 848 1430 deturparit.
895 1384 990 1429 Lege
1019 1383 1108 1418 item
1132 1383 1251 1417 homi-

107 1445 195 1480 liam
220 1445 400 1481 decimam
422 1446 588 1490 tertiam,
626 1446 691 1480 ubi
723 1446 922 1481 occasione
951 1450 1165 1492 puteorum,
1204 1445 1249 1480 ab

107 1508 210 1543 Isaac
234 1508 476 1550 esfossorum,
507 1509 552 1543 de
575 1508 697 1554 puteis
723 1518 869 1552 quoque
892 1507 1093 1542 Abrahami
1115 1510 1250 1542 tracta-

109 1573 179 1613 tur,
205 1573 241 1604 et
263 1569 426 1612 videbis,
451 1580 516 1604 cur
539 1569 643 1604 idem
659 1569 873 1605 Eustathius
898 1569 1127 1616 expostulet,
1153 1569 1252 1614 quod

109 1635 242 1678 puteos
274 1631 319 1666 ab
343 1631 530 1666 Abraham
562 1631 739 1675 effossos,
781 1631 927 1676 aliaque
962 1632 1008 1666 ad
1041 1641 1106 1666 eos
1136 1630 1252 1677 perti-

108 1694 237 1728 nentia
262 1693 450 1739 allegoriis
483 1696 646 1740 exponat
672 1692 870 1738 Origenes,
906 1696 1081 1739 tantaque
1111 1703 1251 1728 sermo-

111 1766 196 1790 num
221 1755 331 1801 copia
353 1754 391 1789 in
413 1755 629 1790 immensum
654 1759 864 1801 protracta,
890 1766 998 1790 omne
1023 1756 1067 1790 de
1090 1754 1166 1789 illis
1189 1764 1252 1788 ne-

111 1817 251 1862 gotium
290 1816 520 1852 disterminet
548 1817 586 1852 in
622 1816 731 1852 aliam
773 1817 990 1852 sententiam
1023 1816 1253 1856 translatum,

111 1877 201 1912 licet
231 1878 277 1912 ad
306 1877 399 1912 haec
430 1889 546 1924 usque
584 1883 756 1925 tempora
792 1879 831 1914 in
862 1878 1014 1923 regione
1044 1877 1111 1912 illa
1134 1874 1252 1910 oculis

112 1939 229 1975 adhuc
254 1939 537 1984 conspiciantur.
589 1941 673 1976 Non
695 1944 804 1986 negat
828 1939 1007 1984 Origenes
1029 1938 1068 1972 in
1090 1936 1160 1972 hac
1184 1936 1252 1971 ho-

111 2001 226 2044 milia,
249 2011 380 2035 revera
396 2000 554 2036 effossos
579 2012 662 2036 esse
685 2003 724 2035 in
746 2000 866 2035 terris.
881 2000 997 2035 hosce
1018 2002 1165 2046 PUtGOS,
1189 2009 1252 2033 ne-

114 2073 185 2108 que
210 2072 254 2097 ea
277 2063 322 2097 de
344 2072 386 2097 re
411 2063 575 2107 queritur
597 2062 820 2099 Eustathius.
876 2063 918 2097 Id
942 2072 1053 2097 unum
1077 2063 1254 2107 expostu-

115 2125 178 2168 lat,
204 2125 312 2169 quod,
335 2122 426 2158 licet
448 2123 485 2159 in
508 2124 662 2170 regione
683 2125 749 2161 illa
772 2125 890 2160 adhuc
916 2122 1036 2158 oculis
1060 2120 1252 2167 conspice-

115 2189 253 2230 rentur,
277 2196 345 2221 eos
367 2188 489 2220 tamen
511 2186 712 2233 allegorico
728 2190 870 2223 tantum
894 2196 1004 2222 sensu
1026 2181 1255 2231 explicuerit.

116 2249 230 2299 ,Quod
254 2249 300 2284 ab
325 2247 485 2294 Origene
509 2248 657 2295 factum,
681 2249 764 2297 quis
786 2259 922 2296 negate
943 2246 1100 2284 audeat?
1146 2245 1256 2281 Prae-
