1427 2460
186 100 230 134 1ss
666 100 843 133 Omossms

188 191 308 224 dubito
331 192 426 236 quod
450 191 493 230 is,
525 189 582 235 qui
613 190 722 232 regios
755 189 889 234 spiritus
922 187 1037 230 gessit,
1072 196 1103 220 et
1126 188 1214 221 bcne
1237 188 1321 222 rexit

186 253 373 297 populum,
397 252 457 297 qui
478 252 566 284 intra
588 264 624 285 se
648 261 706 292 est,
730 264 889 284 sensuum
914 250 1041 284 scilicet
1060 249 1182 283 mentis
1207 259 1238 283 et
1262 263 1322 283 co-

187 315 386 356 gitationum
420 312 542 346 cordis.
595 312 664 346 Sed
698 323 728 346 et
759 312 896 354 singulis
931 312 1123 357 quibusque
1163 312 1321 358 tribubus

185 375 418 420 unusquisque
445 375 630 409 sociabitur
659 388 723 420 pro
750 374 817 414 his,
850 387 937 418 quae
970 376 1013 407 ad
1044 386 1322 418 unamquamque

186 450 319 477 earum,
356 438 408 470 vel
436 437 471 470 in
504 437 632 469 actibus
668 445 826 477 cognata,
867 437 917 468 vel
953 435 988 468 in
1012 435 1166 468 moribus
1191 434 1320 468 habuit.

184 498 296 531 Erunt
328 511 406 539 crgo
438 497 636 543 hujusmodi
666 498 804 542 quidam
840 497 976 530 ordines
1007 495 1322 530 in-resurrectione

186 570 422 599 mortuorum,
454 560 540 593 sicut
564 559 715 600 designat
740 559 943 603 Apostolus:
975 572 1124 603 quorum
1158 558 1321 591 ordinum

185 631 289 666 typus
322 621 357 653 in
390 621 456 654 hoc
487 621 577 654 libro
611 630 642 654 et
675 621 780 662 figura
811 619 1037 664 praeformari
1066 619 1150 652 mihi
1178 619 1321 652 videtur.

187 683 256 716 Sed
276 692 307 715 et
330 682 426 723 illud,
451 684 545 727 quod
570 681 825 716 consociatione
849 683 997 725 quadam
1020 681 1171 714 tribuum
1191 690 1223 713 et
1237 693 1321 713 con-

184 745 342 785 nexione,
365 754 555 778 castrorum
578 743 702 789 positio
729 753 759 776 et
782 743 974 776 metationis
998 743 1084 775 ordo
1111 739 1323 781 describitur,

184 806 330 851 pertinet
352 806 425 839 sine
450 806 556 840 dubio
582 807 625 839 ad
649 805 796 850 aliquem
813 806 862 838 ‘in
895 805 1142 838 resurrectione
1165 811 1322 836 mortuo-

185 881 262 900 rum
287 877 416 902 statum.
466 866 573 911 Quod
597 876 663 900 tres
687 868 730 901 ad
755 867 921 900 orientem
948 867 1135 900 collocatae
1159 865 1322 898 dicuutur

186 929 304 970 tribus,
329 939 394 963 tres
419 930 462 962 ad
489 928 723 968 occidentem,
747 939 811 962 tres
835 928 934 961 etiam
959 929 1001 962 ad
1026 926 1264 970 meridiem‚¹)
1290 935 1324 957 ct

185 1001 252 1024 tres
275 991 414 1024 ultimae
439 992 482 1024 ad
508 991 718 1035 aquilonem,
743 991 801 1034 qui
827 991 931 1023 durus
957 989 1079 1022 dicitur
1103 998 1240 1022 ventus:
1262 987 1324 1020 sed

187 1062 219 1085 ct
245 1054 339 1097 quod
361 1054 470 1086 tribus
493 1052 604 1092 Juda,
641 1065 727 1096 quae
751 1051 868 1093 regalis
894 1061 957 1091 cst,
993 1052 1037 1083 ad
1068 1051 1234 1084 orientem
1256 1057 1324 1082 sta-

185 1114 302 1154 tuitur,
327 1127 363 1146 ex
389 1127 456 1156 qua
480 1123 573 1147 ortus
598 1122 646 1146 est
669 1114 842 1146 Dominus
867 1123 1001 1152 noster,
1024 1126 1097 1146 non
1121 1121 1206 1157 puto
1232 1111 1322 1158 otio-

185 1188 271 1214 sum,
295 1183 329 1207 et
354 1176 448 1219 quod
471 1175 608 1208 Isachar
631 1174 711 1207 huic
733 1173 894 1219 jungitur,
920 1182 951 1206 et
977 1173 1147 1214 Zabulon,
1172 1183 1204 1206 et
1228 1173 1324 1217 quod

185 1236 220 1269 in
247 1245 395 1281 quatuor
417 1246 527 1281 partes
561 1237 668 1268 trinus
702 1235 762 1268 iste
793 1247 955 1268 numerus
988 1236 1176 1269 ordinatur.
1224 1233 1324 1278 Quae

186 1298 339 1343 quamvis
370 1298 581 1342 positionum
612 1311 751 1331 suarum
784 1297 927 1332 diversas
958 1298 1106 1330 habeant
1138 1297 1324 1342 qualitates,

189 1373 305 1393 omnes
329 1369 442 1392 tamen
473 1359 562 1392 intra
592 1359 748 1391 trinitatis
779 1372 962 1391 numerum
994 1358 1220 1391 continentur.
1277 1358 1340 1391 Εἰ·

187 1423 283 1466 quod
313 1434 376 1465 per
404 1429 492 1453 totas
522 1421 581 1453 has
615 1429 764 1464 quatuor
796 1430 907 1464 partes
938 1420 975 1453 iu
1007 1433 1114 1452 unum
1138 1433 1322 1453 numerum

188 1481 358 1523 colligitur
383 1482 499 1515 eadem
523 1481 654 1514 trinitas
677 1495 822 1526 semper,
847 1496 911 1527 pro
938 1495 977 1515 eo
993 1482 1064 1515 sine
1081 1482 1200 1521 dubio,
1227 1482 1322 1526 quod

185 1544 248 1577 sub
273 1556 344 1576 uno
368 1543 508 1577 nomine
531 1541 639 1575 Patris
665 1552 696 1575 et
719 1542 800 1576 Filii
827 1553 859 1575 ct
882 1543 1027 1587 Spiritus
1051 1544 1157 1576 sancti
1181 1556 1322 1577 censen-

186 1614 244 1638 tur
268 1617 396 1644 omnes,
422 1605 481 1649 qui
506 1618 543 1638 ex
568 1613 715 1649 quatuor
740 1604 831 1638 orbis
855 1606 1007 1649 partibus
1032 1605 1202 1638 venientes
1225 1604 1324 1637 iuvo-

190 1675 268 1700 cant
289 1679 420 1699 nomen
444 1666 598 1705 Domini,
622 1667 856 1699 recumbentes
881 1679 958 1698 cum
977 1667 1150 1700 Abrabam
1175 1675 1207 1699 et
1231 1665 1323 1699 Isaac

189 1737 221 1761 et
244 1729 354 1761 Jacob
386 1727 422 1760 in
453 1740 557 1769 regno
582 1728 658 1762 Dei.
717 1728 810 1760 Haec
835 1741 852 1760 a
884 1727 984 1761 nobis
1009 1727 1209 1769 generaliter
1231 1727 1323 1760 indi-

188 1799 261 1823 cata
285 1789 351 1823 sint
374 1789 565 1822 volentibus
588 1790 690 1823 totius
713 1789 798 1823 saei-i
823 1788 922 1835 liujus
939 1789 1120 1822 voluminis
1142 1788 1322 1821 continen-

189 1851 273 1885 tiam
296 1851 472 1899 mysticam
496 1851 643 1884 breviter
668 1851 979 1895 comprehendere,
1001 1860 1039 1883 ut
1063 1863 1099 1883 ex
1124 1849 1174 1883 his
1197 1849 1323 1883 intelli-

189 1913 319 1956 gentiae
349 1912 529 1957 spiritualis
560 1912 740 1945 occasione
775 1921 929 1954 suscepta
962 1911 1194 1957 unusquisque
1224 1921 1256 1944 et
1285 1912 1322 1944 in

188 1974 326 2018 reliquis
348 1973 508 2014 similem,
540 1984 597 2007 aut
623 1974 740 2014 etiam,
763 1973 791 2007 si
815 1973 870 2006 cui
894 1973 1039 2017 amplius
1064 1973 1158 2006 Deus
1183 1973 1320 2013 revelat,

186 2034 396 2080 superiorem
422 2044 456 2067 et
487 2034 704 2068 excelsiorem
735 2043 958 2079 persequatur
987 2034 1191 2074 indaginem.
1244 2034 1319 2076 Ego

188 2096 279 2130 enim
320 2109 397 2129 vere
433 2096 600 2140 imparem
633 2109 688 2129 mc
719 2095 836 2142 judico
869 2097 912 2128 ad
943 2097 1131 2129 enarranda
1154 2095 1320 2142 mysteria,

189 2171 275 2202 quae
299 2157 387 2190 liber
409 2157 464 2190 hic
487 2157 639 2191 continet
663 2159 912 2191 Numerorum:
944 2157 1053 2190 multo
1084 2167 1198 2190 autem
1231 2157 1318 2190 infe-

283 2298 318 2342 ¹)
343 2297 428 2333 Cod.
454 2297 618 2339 sagiensis
642 2305 674 2331 ct
698 2295 962 2332 Bellovacensis:
985 2300 1134 2339 „mare.“
1157 2295 1198 2329 R.
