1427 2460
342 76 393 99 m·
405 66 432 97 N
438 72 587 99 nmmos
613 64 772 98 Humum
797 64 856 96 IX.
1129 66 1174 101 83

36 159 92 203 qui
117 158 265 190 habebat
287 154 406 189 mortis
429 153 632 198 imperium,
656 153 690 186 id
716 163 779 194 est,
814 154 1033 188 diabolum:“
1067 164 1125 195 „ut
1140 156 1175 199 ³)

35 219 93 263 qui
117 218 223 252 credit
246 219 281 251 in
307 230 394 256 eum,
420 215 486 261 jam
512 228 583 247 non
607 215 785 255 moriatur,
815 217 873 249 sed
900 215 985 248 vivat
1009 216 1043 249 in
1069 225 1176 249 aeter-

34 285 147 313 num.“
194 279 269 312 Hoc
293 278 357 311 fuit
381 289 459 318 ergo
484 277 678 323 mysterium
695 302 703 316 ,
736 279 829 322 quod
862 287 979 322 postea
1012 279 1181 319 futurum,

33 341 100 388 jam
125 351 205 374 tunc
229 340 306 380 ille,
338 338 396 383 qui
420 338 589 383 populum
616 339 783 379 vastabat,
814 339 955 383 expavit.
1004 340 1174 381 Agnosce-

35 406 92 436 bat
114 402 202 435 enim
227 403 370 443 figuram
395 400 514 440 batilli,
540 409 572 432 et
595 400 690 441 ignis,
716 409 748 432 et
770 400 915 434 incensi:
942 410 973 433 et
996 402 1104 445 qualis
1124 403 1177 435 of-

34 465 173 497 ferenda
198 473 281 496 esset
302 463 380 495 Deo
406 462 515 495 hostia
540 463 582 494 ab
609 475 668 502 eo,
703 462 762 506 qui
793 462 925 494 medius
956 472 1176 497 mortuorum

33 525 256 569 vivorumque
279 524 485 563 constiterat,
508 524 738 569 praevidebat.
770 523 814 556 Et
837 523 914 557 illos
931 524 1071 568 quidem
1095 534 1176 558 tunc

33 586 145 628 imago
177 585 399 630 praefigurata
436 587 589 626 salvavit,
621 587 662 618 ad
688 599 751 618 nos
776 593 888 617 autem
912 585 1025 620 salutis
1058 586 1178 621 veritas

32 649 103 692 ipsa
130 647 291 693 pervenit.
337 647 458 692 Neque
483 647 573 680 enim
598 647 796 680 indumenta
829 646 1000 690 pontificis
1024 662 1178 694 purpura

34 723 73 743 ac
97 710 174 743 lana
198 710 367 756 byssoque
391 719 545 743 contexta
572 708 757 742 erubuisset
781 708 918 750 angelus
943 708 1000 742 ille
1023 719 1178 750 vastator,

33 773 90 804 sed
116 772 196 811 ista,
239 783 326 815 quae
349 772 461 804 futura
488 781 600 810 erant,
636 770 837 803 indumenta
871 771 984 812 magni
1008 771 1179 815 pontificis

33 833 204 872 intellexit,
229 842 260 865 et
282 832 322 866 iis
349 832 454 872 cessit,
479 834 602 877 quibus
626 833 745 877 utique
770 831 923 865 universa
948 842 1100 866 creatura
1125 835 1178 866 in-

33 894 139 927 ferior
163 902 241 927 erat.
289 893 378 927 Puto
405 903 526 935 autem,
553 895 647 939 quod
663 907 734 926 non
757 895 868 927 solum
894 893 1006 938 primo
1033 896 1178 928 adventu

34 955 178 989 Domini
204 965 235 988 et
258 955 442 989 Salvatoris
467 956 574 989 nostri
598 958 709 989 forma
742 955 803 988 ista
837 957 1005 1000 completa
1030 956 1090 996 sit,
1120 958 1179 990 sed

35 1019 153 1050 eadem
177 1017 327 1050 fortassis
349 1018 538 1051 servabitur
562 1027 593 1051 et
605 1017 640 1062 2>
666 1017 700 1050 in
724 1018 887 1050 secundo.
943 1017 1064 1050 Veniet
1088 1018 1178 1051 enim

34 1078 154 1112 iterum
179 1079 268 1111 filius
292 1078 457 1112 hominis:
483 1089 515 1112 et
540 1093 616 1112 cum
642 1078 780 1118 venerit,
803 1082 874 1113 sine
899 1079 1006 1112 dubio
1031 1078 1181 1112 inveniet

36 1141 203 1184 quosdam
215 1138 353 1183 quidem
374 1150 540 1180 mortuos,
562 1141 728 1185 quosdam
743 1149 854 1172 autem
873 1139 1028 1173 viventes.
1072 1141 1178 1185 Quod

35 1214 214 1245 possumus
240 1201 379 1244 quidem
395 1211 427 1233 et
443 1203 489 1234 sic
501 1202 704 1244 intelligere:
730 1202 808 1246 quia
823 1201 984 1233 nonnulli
1008 1202 1120 1235 adhuc
1144 1203 1180 1236 in

36 1263 103 1294 hoc
127 1261 214 1294 vitae
237 1271 334 1301 statu,
359 1275 427 1307 quo
452 1275 544 1295 nunc
568 1276 695 1303 sumus,
721 1262 953 1301 inveniantur,
979 1276 1056 1295 cum
1083 1264 1180 1297 multi

34 1323 102 1368 jam
127 1322 371 1367 praecesserint
395 1323 532 1356 mortui.
579 1323 697 1356 Potest
732 1333 844 1356 autem
877 1332 910 1355 et
940 1324 1036 1357 aliter
1061 1325 1180 1370 accipi,

36 1393 74 1417 ut
96 1393 262 1423 mortuos,
288 1396 436 1429 corpora
459 1384 702 1425 intelligamus:
728 1384 872 1418 viventes
893 1393 1017 1425 autem,
1043 1387 1182 1421 animas.

37 1445 189 1489 Quidam
212 1454 327 1478 tamen
353 1458 391 1478 ex
415 1445 472 1485 iis,
506 1446 565 1490 qui
598 1455 676 1479 ante
706 1459 769 1480 nos
793 1447 1004 1490 interpretati
1028 1458 1106 1482 sunt
1129 1450 1183 1482 lo-

39 1521 117 1540 cum
143 1507 252 1546 hune,
284 1506 426 1540 memini
451 1508 545 1552 quod
570 1517 724 1542 mortuos
750 1508 908 1542 dixerunt
932 1521 1008 1549 eos,
1040 1510 1098 1555 qui
1128 1510 1180 1544 ni-

36 1569 172 1602 mietate
196 1568 362 1602 scelerum
386 1568 421 1600 in
446 1569 592 1612 peccatis
616 1569 682 1602 suis
706 1568 836 1602 mortui
859 1568 1110 1612 intelliguntur:
1135 1572 1182 1604 vi-

37 1638 152 1663 ventes
184 1639 297 1663 autem
329 1643 402 1670 eos,
441 1630 500 1674 qui
528 1630 564 1663 in
609 1631 769 1676 operibus
801 1630 886 1663 vitae
924 1633 1181 1676 permanserint.

41 1691 170 1724 Verum
193 1700 310 1724 tamen
333 1690 498 1724 utrolibet
521 1693 628 1725 modo
653 1693 753 1726 stabit
777 1693 877 1725 etiam
909 1694 943 1727 in
969 1696 1086 1728 futuro
1111 1709 1183 1729 ma·

38 1765 122 1795 gnus
146 1752 203 1785 hie
226 1751 379 1797 pontifex
403 1761 438 1785 et
470 1753 627 1787 Salvator
656 1763 773 1787 noster
804 1755 938 1788 medius
969 1756 1125 1790 vivorum
1150 1769 1183 1791 et

37 1822 268 1848 mortuorum.
322 1814 391 1847 Sed
425 1823 457 1847 et
480 1823 562 1847 tunc
587 1816 676 1848 forte
699 1814 829 1848 medius
853 1816 1007 1850 vivorum
1034 1828 1065 1851 et
1088 1833 1182 1852 mor-

38 1884 178 1908 tuorum
209 1883 296 1907 stare
327 1875 490 1909 dicendus
525 1884 591 1915 est,
625 1889 703 1909 cum
735 1886 857 1910 statuet
890 1891 968 1911 oves
1000 1880 1138 1924 quidem
1164 1895 1182 1915 a

38 1937 162 1969 dextris
186 1936 264 1976 suis,
288 1937 420 1970 hoedos
446 1946 557 1970 autem
582 1950 600 1969 a
624 1937 780 1978 sinistris,
817 1947 850 1970 et
874 1938 963 1972 dicet
986 1939 1044 1981 iis,
1079 1943 1137 1987 qui
1162 1956 1180 1975 a

38 1997 159 2031 dextris
182 2006 274 2031 sunt:
305 1998 486 2042 ‚,venite³)
509 1998 680 2032 benedicti
703 1999 808 2044 patris
832 2000 916 2041 mei,
938 2003 1104 2048 percipite
1128 2019 1181 2038 re-

135 2137 170 2180 ¹)
196 2138 257 2170 Ev.
279 2137 406 2173 Joann.
430 2139 489 2178 Ill,
514 2140 565 2173 15.

132 2193 169 2237 ²)
193 2193 298 2226 Deest
322 2197 398 2235 ‚,et“
421 2194 456 2226 in
482 2195 534 2227 ed.
560 2195 675 2227 Ruaei.

132 2249 168 2290 ³)
193 2247 316 2283 Mani..
340 2249 451 2289 xxv,
475 2251 529 2284 34.

841 2312 863 2346 6
879 2315 894 2330 ⁴
