1427 2460
212 97 279 132 252
691 92 868 126 Omeizms

212 186 315 229 tinget
345 184 445 218 nobis
474 193 525 217 tot
549 183 774 217 daemonibus
799 195 868 216 esse
894 189 1126 219 consecratos,
1159 189 1244 225 quot
1267 193 1346 225 pec-

214 258 286 282 cata
317 245 578 284 committimus,
612 253 645 277 et
673 245 709 277 in
733 244 869 286 singulis
893 243 1084 288 quibusque
1108 242 1236 276 delictis
1259 243 1349 275 velut

213 310 370 358 mysteria
401 307 507 346 illius,
544 315 601 339 aut
633 306 722 339 illius
752 305 837 339 idoli
867 304 1078 350 suscipimus.
1132 304 1178 338 Et
1206 305 1348 338 fortasse

212 381 355 417 propter
378 371 445 403 hoc
469 367 603 401 dicebat
625 369 827 413 Apostolus:
859 366 957 413 „jam
976 368 1010 412 ¹)
1035 367 1125 401 enim
1150 365 1345 413 mysterium

212 432 396 478 iniquitatis
428 433 621 476 operatur.“
668 429 894 462 Circumeunt
924 441 1003 470 ergo
1033 429 1168 474 spiritus
1198 426 1348 468 maligni,

215 505 248 528 et
279 503 461 540 quaerunt,
496 492 674 536 quomodo
705 504 988 540 unumquemque
1013 491 1198 535 decipiant,
1232 498 1265 523 et
1288 502 1350 534 per

212 558 406 591 illecebram
431 553 560 600 peccati
583 554 746 599 mysteriis
773 563 988 592 consecrent,
1013 562 1046 586 et
1068 565 1179 596 neque
1201 550 1349 584 sentien-

212 629 299 659 tem,
328 630 441 662 neque
463 615 725 658 intelligentem,
758 610 853 648 verbi
877 629 996 655 causa,
1030 628 1093 659 per
1112 613 1349 647 fornicationis

213 690 390 726 peccatum
422 679 646 712 introducunt
677 679 720 711 ad
753 677 971 711 daemonium
995 674 1282 714 Madianitarum‚
1317 683 1350 707 et

215 751 415 776 consecrant
438 740 665 783 Beelphegor,
696 749 895 773 consecrant
925 736 1140 783 turpitudini.
1187 735 1350 770 Similiter

214 813 245 837 et
276 816 339 848 per
362 802 424 835 alia
448 811 605 847 peccata,
628 812 667 835 ut
691 801 848 841 diximus,
881 801 953 835 aliis
984 799 1210 835 daemonibus
1239 798 1350 831 homi-

211 879 271 898 nes
296 873 547 898 consecrantur.
594 864 664 896 Sed
689 873 724 896 tu
749 864 888 896 observa
914 861 1123 904 diligentius,
1150 861 1244 906 quod
1268 860 1349 893 scri-

212 937 310 972 ptum
337 936 393 967 est,
419 935 451 959 et
468 935 515 960 sta
533 925 568 958 in
584 925 654 965 viis,
678 934 710 957 et
727 925 909 967 interroga,
934 937 1022 968 quae
1041 924 1107 958 sint
1121 924 1193 957 viae
1205 921 1350 955 Domini

213 998 388 1028 aeternae,
414 997 446 1022 et
476 1000 564 1032 quae
592 987 635 1021 sit
659 987 710 1019 via
735 987 844 1028 hona,
880 997 911 1020 et
934 986 1055 1020 incede
1078 985 1114 1018 in
1138 998 1195 1025 ea,
1220 993 1253 1017 et
1275 997 1349 1017 non

213 1051 353 1084 accedas
384 1051 428 1083 ad
459 1048 578 1095 januas
612 1049 735 1081 domus
765 1048 923 1083 malitiae.
970 1049 1039 1082 Sed
1063 1047 1090 1081 si
1113 1045 1254 1080 senseris
1277 1059 1350 1080 ma-

210 1113 341 1155 lignum
372 1111 528 1156 spiritum
559 1110 658 1155 loqui
681 1109 716 1142 in
742 1111 848 1143 corde
870 1120 950 1150 tuo,
979 1119 1017 1142 ut
1039 1119 1072 1142 te
1096 1110 1200 1142 ducat
1222 1109 1266 1142 ad
1291 1107 1351 1141 ali-

213 1176 308 1220 quod
344 1187 430 1219 opus
468 1171 615 1218 peccati,
651 1171 818 1214 intellige,
854 1172 932 1216 quia
965 1181 998 1204 te
1029 1172 1154 1204 ducere
1187 1170 1278 1210 vult,
1314 1179 1351 1203 ut

213 1246 387 1271 consecret
409 1245 443 1268 te
467 1233 568 1268 alicui
591 1233 762 1267 daemoni.
809 1234 947 1267 Ducere
970 1242 1004 1266 te
1027 1233 1107 1273 vult,
1131 1241 1170 1265 ut
1191 1232 1352 1277 suscipias

212 1298 368 1346 mysteria
394 1296 580 1336 diabolica,
603 1294 760 1342 mysteria
785 1295 979 1340 iniquitatis.
1012 1295 1058 1328 Et
1079 1295 1147 1328 hoc
1168 1307 1238 1328 esse
1255 1303 1353 1338 puto,

214 1362 310 1405 quod
345 1359 461 1393 scribit
490 1358 692 1402 Apostolus:
728 1371 834 1397 „cum
852 1355 890 1401 ²)
928 1365 1041 1389 autem
1078 1365 1191 1397 gentes
1228 1355 1351 1396 essetis,

213 1422 388 1455 idolorum
414 1421 524 1452 forma
549 1428 681 1458 euntes,
707 1428 812 1462 prout
835 1416 1086 1452 ducebamini.“
1136 1419 1163 1449 A
1187 1430 1275 1461 qu0,
1299 1417 1351 1450 vel

215 1497 233 1517 a
258 1483 379 1528 quibus
410 1479 651 1514 ducebamini?
700 1482 728 1512 A
758 1479 931 1524 spiritibus
962 1492 1086 1524 nempe
1110 1478 1263 1522 malignis
1288 1479 1351 1512 du-

216 1543 385 1578 cebamini
414 1544 456 1576 ad
489 1555 594 1587 opera
630 1551 863 1586 peccatorum.
918 1540 1013 1573 Haec
1046 1541 1187 1574 audiens
1214 1540 1354 1582 vigilans

217 1606 358 1651 quisque
388 1604 524 1638 auditor
556 1603 645 1636 dicet
674 1604 830 1636 fortasse:
864 1600 946 1647 quid
977 1613 1056 1642 ergo
1080 1601 1268 1636 faciemus?
1315 1601 1353 1636 Si

217 1669 431 1701 circumeunt
467 1666 601 1711 spiritus
631 1664 771 1705 maligni
801 1676 1082 1708 unumquemque
1111 1646 1284 1703 nostrum,
1321 1673 1353 1696 et

217 1732 366 1769 ducunt,
394 1742 432 1761 ac
460 1727 661 1773 pertrahunt
691 1727 735 1758 ad
766 1735 960 1770 peccatum:
990 1739 1094 1760 nemo
1125 1736 1238 1760 autem
1269 1725 1353 1759 alius

217 1802 282 1833 est,
313 1791 371 1836 qui
400 1791 443 1824 ad
472 1788 633 1835 justitiam
657 1788 786 1827 trahat,
816 1787 875 1831 qui
898 1787 1015 1821 invitet
1041 1797 1072 1821 et
1095 1789 1197 1821 ducat
1221 1787 1264 1820 acl
1285 1800 1352 1832 pu-

216 1853 384 1893 dicitiam,
417 1852 461 1884 ad
491 1851 668 1896 pietatem:
701 1850 878 1894 quomodo
910 1863 983 1882 non
1008 1849 1178 1883 videbitur
1207 1850 1250 1882 ad
1276 1861 1354 1893 per·

217 1915 367 1947 eundum
393 1912 531 1957 quidem
556 1914 621 1945 lata
645 1912 696 1945 via
721 1921 846 1956 patere,
870 1911 913 1943 ad
933 1911 1075 1944 salutem
1091 1923 1170 1944 vero
1183 1923 1351 1955 nusquam

217 1976 306 2008 ullus
331 1975 440 2008 aditus
465 1973 563 2007 dari?
611 1974 686 2007 Imo
712 1986 790 2006 vero
815 1973 952 2005 adverte
976 1972 1179 2015 diligentius,
1203 1971 1229 2005 si
1244 1980 1352 2017 potes,

219 2045 251 2069 et
283 2045 401 2080 aperto
437 2035 549 2069 cordis
580 2036 681 2068 oculo
714 2035 873 2068 interiora
904 2047 1040 2068 mecum
1073 2033 1250 2068 considera
1279 2046 1353 2080 my-

219 2096 333 2130 steria:
359 2107 390 2130 et
412 2097 553 2136 videbis,
577 2106 706 2141 quanto
730 2095 844 2142 major
865 2096 900 2129 in
923 2096 1058 2130 secretis
1080 2095 1195 2130 salutis
1218 2103 1353 2128 nostrae

219 2172 299 2192 cura
327 2149 477 2200 'geratun
510 2171 612 2202 quam
644 2158 785 2192 facultas
810 2158 851 2190 ad
877 2157 1120 2202 decipiendum
1141 2156 1352 2202 praebeatur.

316 2281 352 2326 ¹)
375 2280 407 2313 Π
431 2280 547 2315 Thess.
570 2280 614 2320 ΙΙ,
634 2281 665 2315 7.
763 2281 800 2325 ²)
824 2281 839 2313 Ι
864 2279 946 2315 Cor.
969 2280 1050 2322 XII,
1070 2281 1103 2316 2.
