<?xml version="1.0" encoding="UTF-8"?>
<!DOCTYPE html PUBLIC "-//W3C//DTD XHTML 1.0 Transitional//EN"
    "http://www.w3.org/TR/xhtml1/DTD/xhtml1-transitional.dtd">
<html xmlns="http://www.w3.org/1999/xhtml" xml:lang="en" lang="en">
 <head>
  <title>
</title>
<meta http-equiv="Content-Type" content="text/html;charset=utf-8" />
  <meta name='ocr-system' content='tesseract 3.04.00' />
  <meta name='ocr-capabilities' content='ocr_page ocr_carea ocr_par ocr_line ocrx_word'/>
</head>
<body>
  <div class='ocr_page' id='page_1' title='image "./operaomniaquaegr10orig/operaomniaquaegr10orig_0066.png"; bbox 0 0 1427 2460; ppageno 0'>
   <div class='ocr_carea' id='block_1_1' title="bbox 217 90 872 128">
    <p class='ocr_par' dir='ltr' id='par_1_1' title="bbox 217 90 872 128">
     <span class='ocr_line' id='line_1_1' title="bbox 217 90 872 128; baseline 0.006 -4"><span class='ocrx_word' id='word_1_1' title='bbox 217 90 263 124; x_wconf 82' lang='lat'><strong>44</strong></span> <span class='ocrx_word' id='word_1_2' title='bbox 694 91 872 128; x_wconf 73' lang='lat' dir='ltr'><strong>Omcms</strong></span> 
     </span>
    </p>
   </div>
   <div class='ocr_carea' id='block_1_2' title="bbox 206 179 1349 1824">
    <p class='ocr_par' dir='ltr' id='par_1_2' title="bbox 206 179 1349 1824">
     <span class='ocr_line' id='line_1_2' title="bbox 215 179 1349 227; baseline 0.007 -14"><span class='ocrx_word' id='word_1_3' title='bbox 215 189 350 214; x_wconf 85' lang='lat' dir='ltr'><strong>nentur.</strong></span> <span class='ocrx_word' id='word_1_4' title='bbox 408 181 453 213; x_wconf 81' lang='lat' dir='ltr'><strong>At</strong></span> <span class='ocrx_word' id='word_1_5' title='bbox 488 179 547 225; x_wconf 88' lang='lat' dir='ltr'><strong>qui</strong></span> <span class='ocrx_word' id='word_1_6' title='bbox 582 182 769 215; x_wconf 78' lang='lat' dir='ltr'>meruerint</span> <span class='ocrx_word' id='word_1_7' title='bbox 807 182 1060 217; x_wconf 74' lang='lat' dir='ltr'><strong>multitudinem</strong></span> <span class='ocrx_word' id='word_1_8' title='bbox 1101 184 1275 227; x_wconf 81' lang='lat' dir='ltr'><strong>scientiae,</strong></span> <span class='ocrx_word' id='word_1_9' title='bbox 1316 197 1349 221; x_wconf 89' lang='lat' dir='ltr'><strong>et</strong></span> 
     </span>
     <span class='ocr_line' id='line_1_3' title="bbox 217 235 1348 291; baseline 0.006 -17"><span class='ocrx_word' id='word_1_10' title='bbox 217 235 429 275; x_wconf 56' lang='lat' dir='ltr'><strong>abundantes</strong></span> <span class='ocrx_word' id='word_1_11' title='bbox 453 241 579 275; x_wconf 83' lang='lat' dir='ltr'><strong>divitias</strong></span> <span class='ocrx_word' id='word_1_12' title='bbox 610 242 645 275; x_wconf 87' lang='lat' dir='ltr'><strong>in</strong></span> <span class='ocrx_word' id='word_1_13' title='bbox 670 243 841 285; x_wconf 76' lang='lat' dir='ltr'>agnitione</span> <span class='ocrx_word' id='word_1_14' title='bbox 866 244 950 284; x_wconf 88' lang='lat' dir='ltr'><strong>Dei,</strong></span> <span class='ocrx_word' id='word_1_15' title='bbox 983 244 1172 279; x_wconf 79' lang='lat' dir='ltr'><strong>Cherubim</strong></span> <span class='ocrx_word' id='word_1_16' title='bbox 1207 247 1348 291; x_wconf 79' lang='lat' dir='ltr'><strong>intelligi</strong></span> 
     </span>
     <span class='ocr_line' id='line_1_4' title="bbox 215 303 1346 349; baseline 0.004 -12"><span class='ocrx_word' id='word_1_17' title='bbox 215 312 369 348; x_wconf 81' lang='lat' dir='ltr'><strong>possunt.</strong></span> <span class='ocrx_word' id='word_1_18' title='bbox 415 303 602 336; x_wconf 83' lang='lat' dir='ltr'><strong>Cherubim</strong></span> <span class='ocrx_word' id='word_1_19' title='bbox 633 317 783 349; x_wconf 81' lang='lat' dir='ltr'><strong>namque</strong></span> <span class='ocrx_word' id='word_1_20' title='bbox 813 305 851 338; x_wconf 86' lang='lat' dir='ltr'><strong>in</strong></span> <span class='ocrx_word' id='word_1_21' title='bbox 879 314 994 339; x_wconf 81' lang='lat' dir='ltr'><strong>nostra</strong></span> <span class='ocrx_word' id='word_1_22' title='bbox 1025 307 1140 349; x_wconf 84' lang='lat' dir='ltr'><strong>lingua</strong></span> <span class='ocrx_word' id='word_1_23' title='bbox 1163 303 1346 342; x_wconf 72' lang='lat' dir='ltr'><strong>multitfido</strong></span> 
     </span>
     <span class='ocr_line' id='line_1_5' title="bbox 215 364 1346 414; baseline 0.004 -16"><span class='ocrx_word' id='word_1_24' title='bbox 215 364 375 398; x_wconf 82' lang='lat' dir='ltr'>scientiae</span> <span class='ocrx_word' id='word_1_25' title='bbox 405 364 657 410; x_wconf 82' lang='lat' dir='ltr'><strong>interpretatur.</strong></span> <span class='ocrx_word' id='word_1_26' title='bbox 719 365 788 399; x_wconf 87' lang='lat' dir='ltr'><strong>Sed</strong></span> <span class='ocrx_word' id='word_1_27' title='bbox 818 367 881 400; x_wconf 88' lang='lat' dir='ltr'><strong>hos</strong></span> <span class='ocrx_word' id='word_1_28' title='bbox 914 381 1049 408; x_wconf 86' lang='lat' dir='ltr'><strong>omnes,</strong></span> <span class='ocrx_word' id='word_1_29' title='bbox 1085 368 1143 413; x_wconf 87' lang='lat' dir='ltr'><strong>qui</strong></span> <span class='ocrx_word' id='word_1_30' title='bbox 1175 383 1237 414; x_wconf 90' lang='lat' dir='ltr'><strong>per</strong></span> <span class='ocrx_word' id='word_1_31' title='bbox 1262 370 1346 403; x_wconf 81' lang='lat' dir='ltr'><strong>haec</strong></span> 
     </span>
     <span class='ocr_line' id='line_1_6' title="bbox 213 426 1348 475; baseline 0.004 -16"><span class='ocrx_word' id='word_1_32' title='bbox 213 426 364 467; x_wconf 80' lang='lat' dir='ltr'><strong>singula,</strong></span> <span class='ocrx_word' id='word_1_33' title='bbox 387 439 472 471; x_wconf 86' lang='lat' dir='ltr'><strong>quae</strong></span> <span class='ocrx_word' id='word_1_34' title='bbox 501 440 603 472; x_wconf 87' lang='lat' dir='ltr'><strong>supra</strong></span> <span class='ocrx_word' id='word_1_35' title='bbox 628 437 824 462; x_wconf 87' lang='lat' dir='ltr'><strong>enumerata</strong></span> <span class='ocrx_word' id='word_1_36' title='bbox 846 438 932 469; x_wconf 84' lang='lat' dir='ltr'><strong>sunt,</strong></span> <span class='ocrx_word' id='word_1_37' title='bbox 958 429 1194 471; x_wconf 82' lang='lat' dir='ltr'><strong>designamur,</strong></span> <span class='ocrx_word' id='word_1_38' title='bbox 1217 431 1348 475; x_wconf 85' lang='lat' dir='ltr'><strong>portari</strong></span> 
     </span>
     <span class='ocr_line' id='line_1_7' title="bbox 213 489 1345 533; baseline 0.004 -14"><span class='ocrx_word' id='word_1_39' title='bbox 213 500 349 526; x_wconf 75' lang='lat' dir='ltr'><strong>necesse</strong></span> <span class='ocrx_word' id='word_1_40' title='bbox 374 497 433 527; x_wconf 83' lang='lat' dir='ltr'><strong>est,</strong></span> <span class='ocrx_word' id='word_1_41' title='bbox 455 497 487 521; x_wconf 91' lang='lat' dir='ltr'><strong>et</strong></span> <span class='ocrx_word' id='word_1_42' title='bbox 510 489 638 533; x_wconf 87' lang='lat' dir='ltr'><strong>portari</strong></span> <span class='ocrx_word' id='word_1_43' title='bbox 661 489 697 521; x_wconf 88' lang='lat' dir='ltr'><strong>in</strong></span> <span class='ocrx_word' id='word_1_44' title='bbox 720 489 879 523; x_wconf 84' lang='lat' dir='ltr'><strong>humeris.</strong></span> <span class='ocrx_word' id='word_1_45' title='bbox 925 490 1027 530; x_wconf 80' lang='lat' dir='ltr'><strong>Unde</strong></span> <span class='ocrx_word' id='word_1_46' title='bbox 1043 490 1200 531; x_wconf 77' lang='lat' dir='ltr'><strong>fortassis,</strong></span> <span class='ocrx_word' id='word_1_47' title='bbox 1223 501 1261 524; x_wconf 90' lang='lat' dir='ltr'><strong>ut</strong></span> <span class='ocrx_word' id='word_1_48' title='bbox 1285 505 1345 533; x_wconf 87' lang='lat' dir='ltr'><strong>ego</strong></span> 
     </span>
     <span class='ocr_line' id='line_1_8' title="bbox 216 548 1346 597; baseline 0.005 -17"><span class='ocrx_word' id='word_1_49' title='bbox 216 548 352 593; x_wconf 86' lang='lat' dir='ltr'><strong>opinor,</strong></span> <span class='ocrx_word' id='word_1_50' title='bbox 377 549 495 591; x_wconf 77' lang='lat' dir='ltr'><strong>angeli,</strong></span> <span class='ocrx_word' id='word_1_51' title='bbox 520 550 578 594; x_wconf 86' lang='lat' dir='ltr'><strong>qui</strong></span> <span class='ocrx_word' id='word_1_52' title='bbox 603 550 796 594; x_wconf 79' lang='lat' dir='ltr'><strong>ordinati¹)</strong></span> <span class='ocrx_word' id='word_1_53' title='bbox 829 560 907 584; x_wconf 89' lang='lat' dir='ltr'><strong>sunt</strong></span> <span class='ocrx_word' id='word_1_54' title='bbox 929 561 1072 596; x_wconf 87' lang='lat' dir='ltr'><strong>propter</strong></span> <span class='ocrx_word' id='word_1_55' title='bbox 1096 566 1170 593; x_wconf 88' lang='lat' dir='ltr'><strong>eos,</strong></span> <span class='ocrx_word' id='word_1_56' title='bbox 1205 552 1263 597; x_wconf 88' lang='lat' dir='ltr'><strong>qui</strong></span> <span class='ocrx_word' id='word_1_57' title='bbox 1286 553 1346 586; x_wconf 82' lang='lat' dir='ltr'><strong>he-</strong></span> 
     </span>
     <span class='ocr_line' id='line_1_9' title="bbox 212 609 1346 658; baseline 0.005 -16"><span class='ocrx_word' id='word_1_58' title='bbox 212 609 391 643; x_wconf 81' lang='lat' dir='ltr'><strong>reditatem</strong></span> <span class='ocrx_word' id='word_1_59' title='bbox 416 611 555 655; x_wconf 87' lang='lat' dir='ltr'><strong>capiunt</strong></span> <span class='ocrx_word' id='word_1_60' title='bbox 578 612 702 652; x_wconf 87' lang='lat' dir='ltr'><strong>salutis,</strong></span> <span class='ocrx_word' id='word_1_61' title='bbox 716 612 789 657; x_wconf 38' lang='lat' dir='ltr'><strong>‚ipsi</strong></span> <span class='ocrx_word' id='word_1_62' title='bbox 815 612 890 653; x_wconf 85' lang='lat' dir='ltr'><strong>sint,</strong></span> <span class='ocrx_word' id='word_1_63' title='bbox 906 612 943 657; x_wconf 82' lang='lat'><strong>²)</strong></span> <span class='ocrx_word' id='word_1_64' title='bbox 969 613 1027 658; x_wconf 83' lang='lat' dir='ltr'><strong>qui</strong></span> <span class='ocrx_word' id='word_1_65' title='bbox 1049 614 1198 656; x_wconf 82' lang='lat' dir='ltr'><strong>singulos</strong></span> <span class='ocrx_word' id='word_1_66' title='bbox 1216 627 1346 654; x_wconf 87' lang='lat' dir='ltr'><strong>eorum,</strong></span> 
     </span>
     <span class='ocr_line' id='line_1_10' title="bbox 215 671 1347 718; baseline 0.004 -15"><span class='ocrx_word' id='word_1_67' title='bbox 215 685 301 715; x_wconf 91' lang='lat' dir='ltr'><strong>quos</strong></span> <span class='ocrx_word' id='word_1_68' title='bbox 324 685 425 716; x_wconf 84' lang='lat' dir='ltr'><strong>supra</strong></span> <span class='ocrx_word' id='word_1_69' title='bbox 450 671 604 713; x_wconf 80' lang='lat' dir='ltr'><strong>diximus,</strong></span> <span class='ocrx_word' id='word_1_70' title='bbox 628 683 778 718; x_wconf 86' lang='lat' dir='ltr'><strong>portant.</strong></span> <span class='ocrx_word' id='word_1_71' title='bbox 837 674 924 707; x_wconf 88' lang='lat' dir='ltr'><strong>Cum</strong></span> <span class='ocrx_word' id='word_1_72' title='bbox 959 675 1048 708; x_wconf 87' lang='lat' dir='ltr'><strong>enim</strong></span> <span class='ocrx_word' id='word_1_73' title='bbox 1071 676 1221 708; x_wconf 83' lang='lat' dir='ltr'><strong>solutum</strong></span> <span class='ocrx_word' id='word_1_74' title='bbox 1245 675 1347 709; x_wconf 87' lang='lat' dir='ltr'><strong>fuerit</strong></span> 
     </span>
     <span class='ocr_line' id='line_1_11' title="bbox 213 734 1346 780; baseline 0.004 -15"><span class='ocrx_word' id='word_1_75' title='bbox 213 734 473 767; x_wconf 82' lang='lat' dir='ltr'><strong>tabernaculum</strong></span> <span class='ocrx_word' id='word_1_76' title='bbox 498 735 584 775; x_wconf 84' lang='lat' dir='ltr'><strong>hoc,</strong></span> <span class='ocrx_word' id='word_1_77' title='bbox 623 744 656 768; x_wconf 91' lang='lat' dir='ltr'><strong>et</strong></span> <span class='ocrx_word' id='word_1_78' title='bbox 680 735 892 780; x_wconf 83' lang='lat' dir='ltr'><strong>coeperimus</strong></span> <span class='ocrx_word' id='word_1_79' title='bbox 905 735 942 780; x_wconf 82' lang='lat'><strong>³)</strong></span> <span class='ocrx_word' id='word_1_80' title='bbox 971 735 1101 777; x_wconf 83' lang='lat' dir='ltr'><strong>ingredi</strong></span> <span class='ocrx_word' id='word_1_81' title='bbox 1125 737 1167 770; x_wconf 89' lang='lat' dir='ltr'><strong>ad</strong></span> <span class='ocrx_word' id='word_1_82' title='bbox 1190 736 1247 769; x_wconf 87' lang='lat' dir='ltr'><strong>illa</strong></span> <span class='ocrx_word' id='word_1_83' title='bbox 1269 750 1346 770; x_wconf 78' lang='lat' dir='ltr'><strong>san-</strong></span> 
     </span>
     <span class='ocr_line' id='line_1_12' title="bbox 212 796 1346 842; baseline 0.004 -16"><span class='ocrx_word' id='word_1_84' title='bbox 212 803 276 834; x_wconf 86' lang='lat' dir='ltr'><strong>cta,</strong></span> <span class='ocrx_word' id='word_1_85' title='bbox 301 804 333 827; x_wconf 91' lang='lat' dir='ltr'><strong>et</strong></span> <span class='ocrx_word' id='word_1_86' title='bbox 355 808 495 840; x_wconf 83' lang='lat' dir='ltr'><strong>pergere</strong></span> <span class='ocrx_word' id='word_1_87' title='bbox 520 797 563 830; x_wconf 87' lang='lat' dir='ltr'><strong>ad</strong></span> <span class='ocrx_word' id='word_1_88' title='bbox 587 797 703 830; x_wconf 87' lang='lat' dir='ltr'><strong>locum</strong></span> <span class='ocrx_word' id='word_1_89' title='bbox 728 797 1020 842; x_wconf 83' lang='lat' dir='ltr'><strong>repromissionis,</strong></span> <span class='ocrx_word' id='word_1_90' title='bbox 1057 796 1147 842; x_wconf 75' lang='lat' dir='ltr'><strong>ii,4)</strong></span> <span class='ocrx_word' id='word_1_91' title='bbox 1183 796 1240 842; x_wconf 88' lang='lat' dir='ltr'><strong>qui</strong></span> <span class='ocrx_word' id='word_1_92' title='bbox 1269 811 1346 831; x_wconf 84' lang='lat' dir='ltr'><strong>vere</strong></span> 
     </span>
     <span class='ocr_line' id='line_1_13' title="bbox 212 856 1345 900; baseline 0.004 -12"><span class='ocrx_word' id='word_1_93' title='bbox 212 856 317 889; x_wconf 86' lang='lat' dir='ltr'><strong>sancti</strong></span> <span class='ocrx_word' id='word_1_94' title='bbox 347 866 441 897; x_wconf 87' lang='lat' dir='ltr'><strong>sunt,</strong></span> <span class='ocrx_word' id='word_1_95' title='bbox 479 867 511 892; x_wconf 84' lang='lat' dir='ltr'><strong>et</strong></span> <span class='ocrx_word' id='word_1_96' title='bbox 538 859 574 891; x_wconf 86' lang='lat' dir='ltr'><strong>in</strong></span> <span class='ocrx_word' id='word_1_97' title='bbox 605 859 727 892; x_wconf 84' lang='lat' dir='ltr'><strong>sanctis</strong></span> <span class='ocrx_word' id='word_1_98' title='bbox 771 868 966 892; x_wconf 82' lang='lat' dir='ltr'><strong>sanctorum</strong></span> <span class='ocrx_word' id='word_1_99' title='bbox 996 859 1180 899; x_wconf 82' lang='lat' dir='ltr'><strong>habentur,</strong></span> <span class='ocrx_word' id='word_1_100' title='bbox 1220 858 1345 900; x_wconf 85' lang='lat' dir='ltr'><strong>angelis</strong></span> 
     </span>
     <span class='ocr_line' id='line_1_14' title="bbox 210 916 1345 964; baseline 0.003 -15"><span class='ocrx_word' id='word_1_101' title='bbox 210 916 284 950; x_wconf 80' lang='lat' dir='ltr'><strong>sine</strong></span> <span class='ocrx_word' id='word_1_102' title='bbox 309 918 414 951; x_wconf 87' lang='lat' dir='ltr'><strong>dubio</strong></span> <span class='ocrx_word' id='word_1_103' title='bbox 438 919 710 953; x_wconf 81' lang='lat' dir='ltr'><strong>subvectantibus</strong></span> <span class='ocrx_word' id='word_1_104' title='bbox 733 919 915 960; x_wconf 88' lang='lat' dir='ltr'><strong>incedunt,</strong></span> <span class='ocrx_word' id='word_1_105' title='bbox 949 929 981 952; x_wconf 89' lang='lat' dir='ltr'><strong>et</strong></span> <span class='ocrx_word' id='word_1_106' title='bbox 1011 933 1188 964; x_wconf 87' lang='lat' dir='ltr'><strong>usquequo</strong></span> <span class='ocrx_word' id='word_1_107' title='bbox 1212 920 1345 964; x_wconf 85' lang='lat' dir='ltr'><strong>requie-</strong></span> 
     </span>
     <span class='ocr_line' id='line_1_15' title="bbox 211 981 1343 1026; baseline 0.003 -15"><span class='ocrx_word' id='word_1_108' title='bbox 211 989 282 1012; x_wconf 79' lang='lat' dir='ltr'><strong>scat</strong></span> <span class='ocrx_word' id='word_1_109' title='bbox 303 981 562 1014; x_wconf 87' lang='lat' dir='ltr'><strong>tabernaculum</strong></span> <span class='ocrx_word' id='word_1_110' title='bbox 587 981 670 1021; x_wconf 82' lang='lat' dir='ltr'><strong>Dei,</strong></span> <span class='ocrx_word' id='word_1_111' title='bbox 704 990 886 1026; x_wconf 80' lang='lat' dir='ltr'><strong>portantur</strong></span> <span class='ocrx_word' id='word_1_112' title='bbox 909 981 943 1013; x_wconf 90' lang='lat' dir='ltr'><strong>in</strong></span> <span class='ocrx_word' id='word_1_113' title='bbox 978 981 1145 1021; x_wconf 82' lang='lat' dir='ltr'><strong>humeris,</strong></span> <span class='ocrx_word' id='word_1_114' title='bbox 1182 990 1213 1014; x_wconf 87' lang='lat' dir='ltr'><strong>et</strong></span> <span class='ocrx_word' id='word_1_115' title='bbox 1237 982 1343 1014; x_wconf 80' lang='lat' dir='ltr'><strong>extol—</strong></span> 
     </span>
     <span class='ocr_line' id='line_1_16' title="bbox 210 1041 1343 1087; baseline 0.002 -14"><span class='ocrx_word' id='word_1_116' title='bbox 210 1042 329 1073; x_wconf 85' lang='lat' dir='ltr'><strong>luntur</strong></span> <span class='ocrx_word' id='word_1_117' title='bbox 359 1041 394 1074; x_wconf 88' lang='lat' dir='ltr'><strong>in</strong></span> <span class='ocrx_word' id='word_1_118' title='bbox 420 1043 585 1076; x_wconf 85' lang='lat' dir='ltr'><strong>manibus.</strong></span> <span class='ocrx_word' id='word_1_119' title='bbox 646 1042 753 1086; x_wconf 85' lang='lat' dir='ltr'><strong>Quod</strong></span> <span class='ocrx_word' id='word_1_120' title='bbox 788 1042 997 1087; x_wconf 86' lang='lat' dir='ltr'><strong>prospiciens</strong></span> <span class='ocrx_word' id='word_1_121' title='bbox 1034 1043 1070 1075; x_wconf 89' lang='lat' dir='ltr'><strong>in</strong></span> <span class='ocrx_word' id='word_1_122' title='bbox 1107 1043 1226 1087; x_wconf 88' lang='lat' dir='ltr'><strong>spiritu</strong></span> <span class='ocrx_word' id='word_1_123' title='bbox 1261 1056 1343 1087; x_wconf 85' lang='lat' dir='ltr'><strong>pro—</strong></span> 
     </span>
     <span class='ocr_line' id='line_1_17' title="bbox 210 1103 1344 1148; baseline 0.003 -14"><span class='ocrx_word' id='word_1_124' title='bbox 210 1103 312 1146; x_wconf 86' lang='lat' dir='ltr'><strong>pheta</strong></span> <span class='ocrx_word' id='word_1_125' title='bbox 338 1104 487 1136; x_wconf 82' lang='lat' dir='ltr'><strong>dicebat:</strong></span> <span class='ocrx_word' id='word_1_126' title='bbox 522 1104 707 1148; x_wconf 84' lang='lat' dir='ltr'><strong>„quoniam</strong></span> <span class='ocrx_word' id='word_1_127' title='bbox 721 1103 752 1146; x_wconf 86' lang='lat'><strong>⁵)</strong></span> <span class='ocrx_word' id='word_1_128' title='bbox 786 1105 909 1144; x_wconf 81' lang='lat' dir='ltr'><strong>angelis</strong></span> <span class='ocrx_word' id='word_1_129' title='bbox 940 1104 1006 1137; x_wconf 87' lang='lat' dir='ltr'><strong>suis</strong></span> <span class='ocrx_word' id='word_1_130' title='bbox 1039 1105 1212 1137; x_wconf 80' lang='lat' dir='ltr'><strong>mandavit</strong></span> <span class='ocrx_word' id='word_1_131' title='bbox 1236 1105 1279 1137; x_wconf 89' lang='lat' dir='ltr'><strong>de</strong></span> <span class='ocrx_word' id='word_1_132' title='bbox 1301 1114 1344 1144; x_wconf 86' lang='lat' dir='ltr'><strong>te,</strong></span> 
     </span>
     <span class='ocr_line' id='line_1_18' title="bbox 210 1160 1341 1210; baseline 0.002 -14"><span class='ocrx_word' id='word_1_133' title='bbox 210 1173 248 1196; x_wconf 83' lang='lat' dir='ltr'><strong>ut</strong></span> <span class='ocrx_word' id='word_1_134' title='bbox 276 1164 311 1196; x_wconf 89' lang='lat' dir='ltr'><strong>in</strong></span> <span class='ocrx_word' id='word_1_135' title='bbox 335 1164 493 1197; x_wconf 87' lang='lat' dir='ltr'><strong>manibus</strong></span> <span class='ocrx_word' id='word_1_136' title='bbox 525 1166 648 1198; x_wconf 83' lang='lat' dir='ltr'><strong>tollant</strong></span> <span class='ocrx_word' id='word_1_137' title='bbox 670 1175 719 1204; x_wconf 89' lang='lat' dir='ltr'><strong>te,</strong></span> <span class='ocrx_word' id='word_1_138' title='bbox 756 1178 800 1197; x_wconf 89' lang='lat' dir='ltr'><strong>ne</strong></span> <span class='ocrx_word' id='word_1_139' title='bbox 831 1166 919 1197; x_wconf 87' lang='lat' dir='ltr'><strong>forte</strong></span> <span class='ocrx_word' id='word_1_140' title='bbox 945 1166 1100 1197; x_wconf 75' lang='lat' dir='ltr'><strong>offendas</strong></span> <span class='ocrx_word' id='word_1_141' title='bbox 1127 1166 1169 1198; x_wconf 88' lang='lat' dir='ltr'><strong>ad</strong></span> <span class='ocrx_word' id='word_1_142' title='bbox 1192 1160 1341 1210; x_wconf 76' lang='lat' dir='ltr'><strong>lapidem</strong></span> 
     </span>
     <span class='ocr_line' id='line_1_19' title="bbox 209 1226 1342 1271; baseline 0.003 -14"><span class='ocrx_word' id='word_1_143' title='bbox 209 1226 334 1269; x_wconf 83' lang='lat' dir='ltr'><strong>pedem</strong></span> <span class='ocrx_word' id='word_1_144' title='bbox 367 1228 499 1260; x_wconf 86' lang='lat' dir='ltr'><strong>tuum.“</strong></span> <span class='ocrx_word' id='word_1_145' title='bbox 558 1226 666 1269; x_wconf 85' lang='lat' dir='ltr'><strong>Quod</strong></span> <span class='ocrx_word' id='word_1_146' title='bbox 691 1226 830 1271; x_wconf 86' lang='lat' dir='ltr'><strong>quidem</strong></span> <span class='ocrx_word' id='word_1_147' title='bbox 864 1226 990 1259; x_wconf 85' lang='lat' dir='ltr'><strong>dictum</strong></span> <span class='ocrx_word' id='word_1_148' title='bbox 1023 1228 1153 1271; x_wconf 82' lang='lat' dir='ltr'><strong>putavit</strong></span> <span class='ocrx_word' id='word_1_149' title='bbox 1186 1227 1342 1260; x_wconf 81' lang='lat' dir='ltr'><strong>diabolus</strong></span> 
     </span>
     <span class='ocr_line' id='line_1_20' title="bbox 210 1287 1342 1332; baseline 0.003 -14"><span class='ocrx_word' id='word_1_150' title='bbox 210 1288 252 1319; x_wconf 84' lang='lat' dir='ltr'><strong>de</strong></span> <span class='ocrx_word' id='word_1_151' title='bbox 277 1287 452 1320; x_wconf 82' lang='lat' dir='ltr'><strong>Salvatore</strong></span> <span class='ocrx_word' id='word_1_152' title='bbox 476 1287 730 1332; x_wconf 83' lang='lat' dir='ltr'><strong>accipiendum,</strong></span> <span class='ocrx_word' id='word_1_153' title='bbox 754 1289 813 1321; x_wconf 88' lang='lat' dir='ltr'><strong>sed</strong></span> <span class='ocrx_word' id='word_1_154' title='bbox 845 1298 994 1321; x_wconf 83' lang='lat' dir='ltr'><strong>caecatus</strong></span> <span class='ocrx_word' id='word_1_155' title='bbox 1018 1288 1164 1328; x_wconf 78' lang='lat' dir='ltr'><strong>malitia,</strong></span> <span class='ocrx_word' id='word_1_156' title='bbox 1194 1302 1266 1322; x_wconf 85' lang='lat' dir='ltr'><strong>non</strong></span> <span class='ocrx_word' id='word_1_157' title='bbox 1289 1289 1342 1322; x_wconf 90' lang='lat' dir='ltr'><strong>in-</strong></span> 
     </span>
     <span class='ocr_line' id='line_1_21' title="bbox 209 1349 1342 1395; baseline 0.002 -15"><span class='ocrx_word' id='word_1_158' title='bbox 209 1349 335 1381; x_wconf 83' lang='lat' dir='ltr'><strong>tellexit</strong></span> <span class='ocrx_word' id='word_1_159' title='bbox 367 1349 500 1393; x_wconf 84' lang='lat' dir='ltr'><strong>eloquia</strong></span> <span class='ocrx_word' id='word_1_160' title='bbox 532 1349 675 1383; x_wconf 87' lang='lat' dir='ltr'><strong>Domini</strong></span> <span class='ocrx_word' id='word_1_161' title='bbox 705 1349 855 1395; x_wconf 70' lang='lat' dir='ltr'><strong>mystica.</strong></span> <span class='ocrx_word' id='word_1_162' title='bbox 913 1350 1032 1392; x_wconf 84' lang='lat' dir='ltr'><strong>Neque</strong></span> <span class='ocrx_word' id='word_1_163' title='bbox 1064 1349 1154 1382; x_wconf 87' lang='lat' dir='ltr'><strong>enim</strong></span> <span class='ocrx_word' id='word_1_164' title='bbox 1187 1351 1342 1383; x_wconf 84' lang='lat' dir='ltr'><strong>Salvator</strong></span> 
     </span>
     <span class='ocr_line' id='line_1_22' title="bbox 208 1409 1338 1455; baseline 0.002 -13"><span class='ocrx_word' id='word_1_165' title='bbox 208 1423 303 1443; x_wconf 85' lang='lat' dir='ltr'><strong>meus</strong></span> <span class='ocrx_word' id='word_1_166' title='bbox 334 1410 458 1451; x_wconf 81' lang='lat' dir='ltr'><strong>angelis</strong></span> <span class='ocrx_word' id='word_1_167' title='bbox 490 1409 678 1450; x_wconf 88' lang='lat' dir='ltr'><strong>indigebat,</strong></span> <span class='ocrx_word' id='word_1_168' title='bbox 719 1419 756 1442; x_wconf 87' lang='lat' dir='ltr'><strong>ut</strong></span> <span class='ocrx_word' id='word_1_169' title='bbox 790 1424 863 1442; x_wconf 91' lang='lat' dir='ltr'><strong>non</strong></span> <span class='ocrx_word' id='word_1_170' title='bbox 896 1411 1086 1442; x_wconf 78' lang='lat' dir='ltr'><strong>offenderet</strong></span> <span class='ocrx_word' id='word_1_171' title='bbox 1117 1412 1159 1443; x_wconf 86' lang='lat' dir='ltr'><strong>ad</strong></span> <span class='ocrx_word' id='word_1_172' title='bbox 1191 1411 1338 1455; x_wconf 86' lang='lat' dir='ltr'><strong>lapidem</strong></span> 
     </span>
     <span class='ocr_line' id='line_1_23' title="bbox 207 1470 1342 1517; baseline 0.002 -13"><span class='ocrx_word' id='word_1_173' title='bbox 207 1474 331 1516; x_wconf 89' lang='lat' dir='ltr'><strong>pedem</strong></span> <span class='ocrx_word' id='word_1_174' title='bbox 355 1485 460 1505; x_wconf 86' lang='lat' dir='ltr'><strong>suum.</strong></span> <span class='ocrx_word' id='word_1_175' title='bbox 515 1473 671 1515; x_wconf 74' lang='lat' dir='ltr'><strong>Namque</strong></span> <span class='ocrx_word' id='word_1_176' title='bbox 686 1472 722 1516; x_wconf 76' lang='lat'><strong>⁶)</strong></span> <span class='ocrx_word' id='word_1_177' title='bbox 752 1470 976 1504; x_wconf 83' lang='lat' dir='ltr'><strong>calumniatur</strong></span> <span class='ocrx_word' id='word_1_178' title='bbox 1007 1471 1162 1505; x_wconf 85' lang='lat' dir='ltr'><strong>diabolus</strong></span> <span class='ocrx_word' id='word_1_179' title='bbox 1196 1472 1342 1517; x_wconf 86' lang='lat' dir='ltr'><strong>scriptu-</strong></span> 
     </span>
     <span class='ocr_line' id='line_1_24' title="bbox 207 1530 1338 1577; baseline 0.002 -12"><span class='ocrx_word' id='word_1_180' title='bbox 207 1547 280 1565; x_wconf 91' lang='lat' dir='ltr'><strong>ram</strong></span> <span class='ocrx_word' id='word_1_181' title='bbox 306 1533 464 1572; x_wconf 79' lang='lat' dir='ltr'><strong>divinam,</strong></span> <span class='ocrx_word' id='word_1_182' title='bbox 489 1534 546 1577; x_wconf 85' lang='lat' dir='ltr'><strong>qui</strong></span> <span class='ocrx_word' id='word_1_183' title='bbox 569 1533 652 1565; x_wconf 71' lang='lat' dir='ltr'><strong>haec</strong></span> <span class='ocrx_word' id='word_1_184' title='bbox 678 1534 720 1565; x_wconf 88' lang='lat' dir='ltr'><strong>de</strong></span> <span class='ocrx_word' id='word_1_185' title='bbox 743 1533 919 1565; x_wconf 77' lang='lat' dir='ltr'><strong>salvatore</strong></span> <span class='ocrx_word' id='word_1_186' title='bbox 938 1530 1024 1565; x_wconf 76' lang='lat' dir='ltr'><strong>dict&#39;a</strong></span> <span class='ocrx_word' id='word_1_187' title='bbox 1045 1534 1242 1577; x_wconf 89' lang='lat' dir='ltr'><strong>protulerit:</strong></span> <span class='ocrx_word' id='word_1_188' title='bbox 1265 1548 1338 1567; x_wconf 88' lang='lat' dir='ltr'><strong>non</strong></span> 
     </span>
     <span class='ocr_line' id='line_1_25' title="bbox 208 1593 1338 1638; baseline 0.001 -11"><span class='ocrx_word' id='word_1_189' title='bbox 208 1595 251 1627; x_wconf 88' lang='lat' dir='ltr'><strong>de</strong></span> <span class='ocrx_word' id='word_1_190' title='bbox 274 1595 351 1634; x_wconf 81' lang='lat' dir='ltr'><strong>illo,</strong></span> <span class='ocrx_word' id='word_1_191' title='bbox 383 1596 441 1627; x_wconf 85' lang='lat' dir='ltr'><strong>sed</strong></span> <span class='ocrx_word' id='word_1_192' title='bbox 466 1595 508 1626; x_wconf 88' lang='lat' dir='ltr'><strong>de</strong></span> <span class='ocrx_word' id='word_1_193' title='bbox 533 1594 691 1627; x_wconf 77' lang='lat' dir='ltr'><strong>omnibus</strong></span> <span class='ocrx_word' id='word_1_194' title='bbox 715 1594 837 1627; x_wconf 73' lang='lat' dir='ltr'><strong>sanctis</strong></span> <span class='ocrx_word' id='word_1_195' title='bbox 860 1594 927 1627; x_wconf 89' lang='lat' dir='ltr'><strong>hoc</strong></span> <span class='ocrx_word' id='word_1_196' title='bbox 953 1593 1086 1634; x_wconf 87' lang='lat' dir='ltr'><strong>dieitur,</strong></span> <span class='ocrx_word' id='word_1_197' title='bbox 1111 1595 1189 1638; x_wconf 88' lang='lat' dir='ltr'><strong>quia</strong></span> <span class='ocrx_word' id='word_1_198' title='bbox 1213 1596 1338 1637; x_wconf 81' lang='lat' dir='ltr'><strong>angelis</strong></span> 
     </span>
     <span class='ocr_line' id='line_1_26' title="bbox 206 1656 1336 1700; baseline 0.001 -11"><span class='ocrx_word' id='word_1_199' title='bbox 206 1656 272 1689; x_wconf 84' lang='lat' dir='ltr'><strong>suis</strong></span> <span class='ocrx_word' id='word_1_200' title='bbox 297 1656 469 1688; x_wconf 83' lang='lat' dir='ltr'><strong>mandavit</strong></span> <span class='ocrx_word' id='word_1_201' title='bbox 492 1656 586 1688; x_wconf 80' lang='lat' dir='ltr'><strong>Deus</strong></span> <span class='ocrx_word' id='word_1_202' title='bbox 609 1669 673 1699; x_wconf 85' lang='lat' dir='ltr'><strong>pro</strong></span> <span class='ocrx_word' id='word_1_203' title='bbox 698 1657 831 1700; x_wconf 86' lang='lat' dir='ltr'><strong>populo</strong></span> <span class='ocrx_word' id='word_1_204' title='bbox 855 1669 935 1694; x_wconf 82' lang='lat' dir='ltr'><strong>suo,</strong></span> <span class='ocrx_word' id='word_1_205' title='bbox 961 1664 997 1687; x_wconf 88' lang='lat' dir='ltr'><strong>ut</strong></span> <span class='ocrx_word' id='word_1_206' title='bbox 1019 1668 1091 1688; x_wconf 89' lang='lat' dir='ltr'><strong>non</strong></span> <span class='ocrx_word' id='word_1_207' title='bbox 1117 1657 1271 1689; x_wconf 84' lang='lat' dir='ltr'><strong>offendat</strong></span> <span class='ocrx_word' id='word_1_208' title='bbox 1294 1659 1336 1690; x_wconf 86' lang='lat' dir='ltr'><strong>ad</strong></span> 
     </span>
     <span class='ocr_line' id='line_1_27' title="bbox 206 1716 1335 1769; baseline 0 -19"><span class='ocrx_word' id='word_1_209' title='bbox 206 1718 355 1762; x_wconf 84' lang='lat' dir='ltr'><strong>lapidem</strong></span> <span class='ocrx_word' id='word_1_210' title='bbox 381 1718 503 1769; x_wconf 77' lang='lat' dir='ltr'><strong>pedem¹</strong></span> <span class='ocrx_word' id='word_1_211' title='bbox 527 1731 635 1750; x_wconf 85' lang='lat' dir='ltr'><strong>suum.</strong></span> <span class='ocrx_word' id='word_1_212' title='bbox 676 1717 744 1749; x_wconf 88' lang='lat' dir='ltr'><strong>Sed</strong></span> <span class='ocrx_word' id='word_1_213' title='bbox 762 1726 793 1749; x_wconf 90' lang='lat' dir='ltr'><strong>et</strong></span> <span class='ocrx_word' id='word_1_214' title='bbox 809 1716 934 1757; x_wconf 78' lang='lat' dir='ltr'><strong>omnia,</strong></span> <span class='ocrx_word' id='word_1_215' title='bbox 960 1716 1099 1760; x_wconf 84' lang='lat' dir='ltr'><strong>quaein</strong></span> <span class='ocrx_word' id='word_1_216' title='bbox 1121 1717 1186 1749; x_wconf 85' lang='lat' dir='ltr'><strong>hoc</strong></span> <span class='ocrx_word' id='word_1_217' title='bbox 1203 1718 1335 1761; x_wconf 86' lang='lat' dir='ltr'><strong>psalmo</strong></span> 
     </span>
     <span class='ocr_line' id='line_1_28' title="bbox 207 1777 1334 1824; baseline 0 -13"><span class='ocrx_word' id='word_1_218' title='bbox 207 1779 330 1824; x_wconf 76' lang='lat' dir='ltr'><strong>scripta</strong></span> <span class='ocrx_word' id='word_1_219' title='bbox 355 1789 441 1819; x_wconf 86' lang='lat' dir='ltr'><strong>sunt,</strong></span> <span class='ocrx_word' id='word_1_220' title='bbox 465 1777 556 1824; x_wconf 85' lang='lat' dir='ltr'><strong>justis</strong></span> <span class='ocrx_word' id='word_1_221' title='bbox 583 1780 774 1822; x_wconf 87' lang='lat' dir='ltr'><strong>quibusque</strong></span> <span class='ocrx_word' id='word_1_222' title='bbox 797 1778 899 1820; x_wconf 83' lang='lat' dir='ltr'><strong>magis</strong></span> <span class='ocrx_word' id='word_1_223' title='bbox 933 1791 1034 1822; x_wconf 90' lang='lat' dir='ltr'><strong>quam</strong></span> <span class='ocrx_word' id='word_1_224' title='bbox 1059 1778 1227 1811; x_wconf 89' lang='lat' dir='ltr'><strong>Salvatori</strong></span> <span class='ocrx_word' id='word_1_225' title='bbox 1252 1791 1334 1811; x_wconf 90' lang='lat' dir='ltr'><strong>con-</strong></span> 
     </span>
    </p>
   </div>
   <div class='ocr_carea' id='block_1_3' title="bbox 205 1838 1335 1878">
    <p class='ocr_par' dir='ltr' id='par_1_3' title="bbox 205 1838 1335 1878">
     <span class='ocr_line' id='line_1_29' title="bbox 205 1838 1335 1878; baseline -0.001 -5"><span class='ocrx_word' id='word_1_226' title='bbox 205 1840 354 1874; x_wconf 79' lang='lat' dir='ltr'><strong>veniunt.</strong></span> <span class='ocrx_word' id='word_1_227' title='bbox 412 1840 547 1873; x_wconf 84' lang='lat' dir='ltr'><strong>Liberat</strong></span> <span class='ocrx_word' id='word_1_228' title='bbox 578 1839 666 1872; x_wconf 86' lang='lat' dir='ltr'><strong>enim</strong></span> <span class='ocrx_word' id='word_1_229' title='bbox 698 1839 868 1873; x_wconf 87' lang='lat' dir='ltr'><strong>Dominus</strong></span> <span class='ocrx_word' id='word_1_230' title='bbox 901 1852 919 1872; x_wconf 86' lang='lat' dir='ltr'><strong>a</strong></span> <span class='ocrx_word' id='word_1_231' title='bbox 950 1838 1063 1878; x_wconf 82' lang='lat' dir='ltr'><strong>ruina,</strong></span> <span class='ocrx_word' id='word_1_232' title='bbox 1097 1848 1128 1872; x_wconf 90' lang='lat' dir='ltr'><strong>et</strong></span> <span class='ocrx_word' id='word_1_233' title='bbox 1153 1840 1335 1872; x_wconf 78' lang='lat' dir='ltr'><strong>daemonio</strong></span> 
     </span>
    </p>
   </div>
   <div class='ocr_carea' id='block_1_4' title="bbox 282 1935 467 1942">
    <p class='ocr_par' dir='ltr' id='par_1_4' title="bbox 282 1935 467 1942">
     <span class='ocr_line' id='line_1_30' title="bbox 282 1935 467 1942; baseline 0 0"><span class='ocrx_word' id='word_1_234' title='bbox 282 1935 467 1942; x_wconf 95' lang='lat' dir='ltr'><strong> </strong></span> 
     </span>
    </p>
   </div>
   <div class='ocr_carea' id='block_1_5' title="bbox 293 2001 1331 2103">
    <p class='ocr_par' dir='ltr' id='par_1_5' title="bbox 293 2001 1331 2103">
     <span class='ocr_line' id='line_1_31' title="bbox 296 2001 1123 2047; baseline 0 -13"><span class='ocrx_word' id='word_1_235' title='bbox 296 2002 332 2046; x_wconf 82' lang='lat'><strong>¹)</strong></span> <span class='ocrx_word' id='word_1_236' title='bbox 356 2002 462 2035; x_wconf 88' lang='lat' dir='ltr'><strong>Hebr.</strong></span> <span class='ocrx_word' id='word_1_237' title='bbox 485 2003 510 2042; x_wconf 85' lang='lat' dir='ltr'><strong>I,</strong></span> <span class='ocrx_word' id='word_1_238' title='bbox 539 2003 591 2036; x_wconf 79' lang='grc'><strong>1-1.</strong></span> <span class='ocrx_word' id='word_1_239' title='bbox 686 2002 722 2047; x_wconf 88' lang='lat'><strong>²)</strong></span> <span class='ocrx_word' id='word_1_240' title='bbox 746 2002 835 2036; x_wconf 86' lang='lat' dir='ltr'><strong>Edd.</strong></span> <span class='ocrx_word' id='word_1_241' title='bbox 859 2001 1014 2035; x_wconf 74' lang='lat' dir='ltr'><strong>Merliniz</strong></span> <span class='ocrx_word' id='word_1_242' title='bbox 1039 2010 1123 2034; x_wconf 86' lang='lat' dir='ltr'><strong>sunt.</strong></span> 
     </span>
     <span class='ocr_line' id='line_1_32' title="bbox 293 2056 1331 2103; baseline 0.001 -14"><span class='ocrx_word' id='word_1_243' title='bbox 293 2058 331 2101; x_wconf 77' lang='grc'><strong>3)</strong></span> <span class='ocrx_word' id='word_1_244' title='bbox 356 2058 433 2090; x_wconf 86' lang='lat' dir='ltr'><strong>Mss.</strong></span> <span class='ocrx_word' id='word_1_245' title='bbox 457 2058 723 2103; x_wconf 80' lang='lat' dir='ltr'><strong>„coeperimus.“</strong></span> <span class='ocrx_word' id='word_1_246' title='bbox 776 2057 871 2091; x_wconf 85' lang='lat' dir='ltr'><strong>Libri</strong></span> <span class='ocrx_word' id='word_1_247' title='bbox 902 2057 982 2090; x_wconf 80' lang='lat' dir='ltr'><strong>editi</strong></span> <span class='ocrx_word' id='word_1_248' title='bbox 1015 2056 1062 2101; x_wconf 80' lang='lat' dir='ltr'><strong>(v.</strong></span> <span class='ocrx_word' id='word_1_249' title='bbox 1088 2071 1116 2090; x_wconf 90' lang='lat' dir='ltr'><strong>c.</strong></span> <span class='ocrx_word' id='word_1_250' title='bbox 1147 2056 1222 2090; x_wconf 84' lang='lat' dir='ltr'><strong>edd.</strong></span> <span class='ocrx_word' id='word_1_251' title='bbox 1246 2057 1331 2102; x_wconf 78' lang='grc' dir='ltr'>Μ.);</span> 
     </span>
    </p>
   </div>
   <div class='ocr_carea' id='block_1_6' title="bbox 201 2103 1213 2316">
    <p class='ocr_par' dir='ltr' id='par_1_6' title="bbox 201 2103 1213 2316">
     <span class='ocr_line' id='line_1_33' title="bbox 244 2103 503 2136; baseline 0 0"><span class='ocrx_word' id='word_1_252' title='bbox 244 2116 283 2136; x_wconf 90' lang='lat' dir='ltr'><strong>oe</strong></span> <span class='ocrx_word' id='word_1_253' title='bbox 312 2103 430 2135; x_wconf 85' lang='lat' dir='ltr'><strong>imus.“</strong></span> <span class='ocrx_word' id='word_1_254' title='bbox 463 2103 503 2136; x_wconf 82' lang='lat' dir='ltr'><strong>R.</strong></span> 
     </span>
     <span class='ocr_line' id='line_1_34' title="bbox 201 2116 955 2204; baseline 0.003 -14"><span class='ocrx_word' id='word_1_255' title='bbox 201 2117 240 2145; x_wconf 57' lang='lat' dir='ltr'><strong>„c</strong></span> <span class='ocrx_word' id='word_1_256' title='bbox 287 2116 330 2201; x_wconf 56' lang='lat' dir='ltr'><strong>E)</strong></span> <span class='ocrx_word' id='word_1_257' title='bbox 356 2158 444 2190; x_wconf 82' lang='lat' dir='ltr'><strong>Edd.</strong></span> <span class='ocrx_word' id='word_1_258' title='bbox 469 2159 626 2192; x_wconf 83' lang='lat' dir='ltr'><strong>Merlini:</strong></span> <span class='ocrx_word' id='word_1_259' title='bbox 653 2160 688 2192; x_wconf 81' lang='lat' dir='ltr'><strong>hi</strong></span> <span class='ocrx_word' id='word_1_260' title='bbox 712 2159 771 2204; x_wconf 83' lang='lat' dir='ltr'><strong>qui</strong></span> <span class='ocrx_word' id='word_1_261' title='bbox 796 2171 870 2191; x_wconf 69' lang='lat' dir='ltr'><strong>vere</strong></span> <span class='ocrx_word' id='word_1_262' title='bbox 895 2167 955 2192; x_wconf 87' lang='lat' dir='ltr'><strong>etc.</strong></span> 
     </span>
     <span class='ocr_line' id='line_1_35' title="bbox 291 2212 746 2256; baseline 0.009 -11"><span class='ocrx_word' id='word_1_263' title='bbox 291 2213 328 2256; x_wconf 83' lang='lat'><strong>⁵)</strong></span> <span class='ocrx_word' id='word_1_264' title='bbox 351 2213 475 2247; x_wconf 86' lang='lat' dir='ltr'><strong>Psalm.</strong></span> <span class='ocrx_word' id='word_1_265' title='bbox 499 2212 592 2254; x_wconf 74' lang='lat' dir='ltr'><strong>XCI,</strong></span> <span class='ocrx_word' id='word_1_266' title='bbox 617 2216 667 2248; x_wconf 86' lang='lat'><strong>11.</strong></span> <span class='ocrx_word' id='word_1_267' title='bbox 694 2216 746 2249; x_wconf 78' lang='lat'><strong>12.</strong></span> 
     </span>
     <span class='ocr_line' id='line_1_36' title="bbox 293 2268 1213 2316; baseline 0 -14"><span class='ocrx_word' id='word_1_268' title='bbox 293 2268 330 2311; x_wconf 79' lang='lat'><strong>⁶)</strong></span> <span class='ocrx_word' id='word_1_269' title='bbox 353 2268 441 2304; x_wconf 90' lang='lat' dir='ltr'><strong>Edd.</strong></span> <span class='ocrx_word' id='word_1_270' title='bbox 464 2269 621 2306; x_wconf 86' lang='lat' dir='ltr'><strong>Merlini:</strong></span> <span class='ocrx_word' id='word_1_271' title='bbox 645 2271 765 2316; x_wconf 83' lang='lat' dir='ltr'><strong>Neque</strong></span> <span class='ocrx_word' id='word_1_272' title='bbox 789 2270 878 2305; x_wconf 82' lang='lat' dir='ltr'><strong>enim</strong></span> <span class='ocrx_word' id='word_1_273' title='bbox 903 2269 1129 2304; x_wconf 80' lang='lat' dir='ltr'><strong>calumniatur</strong></span> <span class='ocrx_word' id='word_1_274' title='bbox 1153 2278 1213 2302; x_wconf 80' lang='lat' dir='ltr'><strong>etc,</strong></span> 
     </span>
    </p>
   </div>
  </div>
 </body>
</html>
