1427 2460
1126 63 1192 96 125

327 224 759 266 HOMILIA
830 223 922 263 XII.

365 323 422 356 De
443 332 561 368 puteo,
586 332 619 356 et
643 322 776 356 cantico
802 320 882 367 ejus.

150 414 181 448 1.
203 412 320 446 Lectio
344 414 444 447 nobis
467 412 570 458 putei,
595 422 627 446 et
651 411 788 451 cantici,
815 411 908 455 quod
932 411 1025 454 apud
1049 421 1188 455 puteum

61 475 183 510 cecinit
205 475 319 516 Israel,
343 488 381 508 ex
404 476 635 508 Num-:rorum
659 475 749 507 libro
767 472 902 506 recitata
927 482 983 512 est,
1007 486 1110 519 quam
1132 486 1190 505 so-

60 538 137 579 litis,
162 536 231 569 imo
256 537 345 569 forte
369 546 401 570 et
425 537 568 582 amplius
591 536 692 570 solito
717 535 870 568 videmus
893 535 1087 568 redundare
1110 546 1188 577 my—

57 599 175 634 steriis.
214 598 271 631 Ait
294 598 402 631 enim:
425 598 528 643 ‚,et¹)
553 597 639 631 bibit
661 598 704 630 de
727 606 831 641 puteo
857 596 1018 640 popule&
1056 595 1121 628 Hie
1144 605 1191 628 est

58 670 190 706 puteus,
214 673 316 704 quern
342 659 423 692 dixit
446 659 618 693 Dominus
643 660 686 691 ad
711 658 850 690 Mosen:
885 669 1051 698 congrega
1075 670 1189 701 popu—

58 723 142 763 lum,
165 732 197 755 et
221 722 311 754 dabo
336 721 374 754 iis
398 712 521 766 aquam
545 722 695 754 bibere.“
741 720 810 753 Sed
823 718 859 751 in
878 717 978 761 his²)
1004 717 1099 750 dictis
1115 731 1191 750 non

56 785 202 816 multum
226 781 309 815 mihi
331 780 413 827 juris
437 782 568 815 videtur
591 781 749 815 historica
761 780 857 813 litera
876 779 1058 824 possidere.
1095 778 1192 822 Quid

58 854 108 878 est
131 845 238 885 enim,
271 843 367 888 quod
389 855 597 888 magnopere
619 842 794 887 praecepit
817 841 988 874 Dominus
1011 840 1102 873 Mosi
1123 853 1191 885 po-

22 932 25 935 .
54 907 177 952 pulum
200 918 422 947 congregare,
455 914 493 938 ut
523 905 581 937 det
611 904 650 938 iis
680 917 804 949 aquam
836 904 879 936 de
909 913 1014 948 puteo
1045 901 1192 935 bibere?

56 967 153 1013 quasi
176 980 255 1000 vero
279 979 352 1000 non
375 966 476 999 etiam
499 974 620 1010 sponte
643 966 793 1011 populus
817 949 960 999 bissendi
976 963 1081 1006 gratia
1107 977 1191 997 con-

56 1029 184 1063 venerit
205 1029 249 1061 ad
272 1037 425 1072 puteum.
472 1028 566 1078 Quid
590 1041 668 1070 ergo
685 1036 865 1072 tantopere
879 1026 1068 1071 prophetae
1091 1037 1191 1070 prae-

57 1090 200 1135 cipitur,
221 1098 260 1122 ut
281 1089 424 1133 proprio
448 1089 580 1129 studio,
617 1098 650 1121 et
672 1090 792 1121 labore
816 1096 996 1129 congreget
1019 1087 1189 1130 populum

58 1152 101 1184 ad
125 1150 349 1183 hauriendam
373 1149 468 1194 putei
492 1148 641 1194 aquam?
694 1148 798 1182 Unde
822 1147 977 1192 vilitas³)
1002 1147 1117 1180 literae
1145 1149 1191 1180 ad

56 1211 301 1257 pretiositatem
324 1224 389 1244 nos
413 1210 593 1255 spiritualis
616 1208 753 1243 remittit
777 1209 1005 1250 intelligentia.
1043 1209 1087 1241 Et
1110 1209 1189 1241 ideo

57 1271 261 1305 conveniens
283 1281 369 1315 puto
394 1272 493 1305 etiam
518 1273 560 1305 de
584 1272 655 1305 aliis
679 1271 876 1315 scripturae
898 1271 982 1304 locis
1006 1279 1190 1315 puteorum

56 1344 262 1375 congregare
283 1333 456 1379 mysteria,
480 1342 517 1365 ut
541 1346 578 1365 cx
601 1332 860 1376 comparatione
882 1332 1132 1375 plurimorum,
1163 1346 1188 1365 ει

56 1394 140 1439 quid
160 1405 317 1439 praesens
342 1402 453 1427 sermo
479 1393 692 1427 obscuritatis
716 1393 886 1432 continet,
911 1393 1084 1425 elucescat.
1133 1393 1191 1426 Ait

56 1467 137 1497 ergo
161 1455 295 1499 spiritus
318 1454 386 1488 Dei
409 1466 472 1498 per
494 1455 717 1488 Salomonem
741 1454 777 1486 in
800 1453 1014 1487 Proverbiis:
1038 1453 1140 1495 „bibe
1153 1453 1191 1497 ⁴)

56 1530 161 1562 aquas
185 1517 226 1549 de
249 1515 314 1548 tuis
335 1515 428 1555 vasis,
452 1523 484 1547 et
508 1516 550 1548 de
569 1526 754 1560 puteorum
771 1524 911 1548 tuorum
924 1515 1036 1548 fonte:
1062 1524 1094 1548 et
1116 1529 1190 1548 non

55 1576 427 1623 supereffundantur⁵)
450 1576 512 1610 tibi
536 1590 643 1622 aquae
661 1587 752 1610 extra
764 1586 862 1611 tuum
874 1578 1047 1610 sontem:“
1071 1590 1190 1622 quam-

56 1639 151 1683 vis⁶)
180 1639 216 1671 in
247 1637 318 1671 aliis
362 1638 610 1683 exemplaribus
639 1639 834 1681 legerimus:
875 1648 931 1679 „et
968 1639 1190 1671 effundantur

56 1701 120 1735 tibi
149 1713 257 1745 aquae
286 1709 375 1733 extra
403 1709 502 1733 tumn
533 1701 695 1733 fontem.“
763 1701 884 1745 Aquae
913 1709 991 1733 tuae
1027 1699 1093 1733 sint
1126 1701 1189 1734 tibi

56 1761 133 1802 soli,
157 1771 189 1794 et
210 1774 313 1795 nemo
336 1761 464 1795 alienus
486 1760 670 1806 participet
692 1774 731 1795 ex
754 1762 803 1795 iis.
841 1761 955 1794 Habet
978 1773 1068 1802 ergo,
1091 1770 1129 1793 ut
1152 1761 1188 1793 in

151 1883 188 1928 ¹)
213 1881 283 1918 Cfr.
306 1883 410 1916 Num.
432 1883 528 1923 XXI,
553 1883 606 1919 16.
699 1883 736 1926 ²)
760 1883 849 1916 Edd.
874 1882 1029 1916 Merlini:
1053 1882 1101 1917 iis.

148 1938 185 1981 ³)
211 1938 324 1972 Codd.
346 1938 576 1979 Ebroicensis,
600 1939 827 1979 carnotensis,
849 1948 882 1973 et
904 1938 1011 1972 sancti
1023 1938 1188 1971 Theodo-

58 1982 137 2016 rici:
160 1984 322 2025 ,‚vilitas.“
366 1983 475 2017 Alias:
499 1984 726 2024 ,‚humilitas.“
749 1984 793 2016 R.
829 1997 834 2006 ·

150 2039 187 2082 ⁴)
212 2039 313 2073 Prov.
338 2039 378 2079 V,
402 2041 454 2075 15.
480 2040 533 2074 16.

151 2093 188 2137 ⁵)
213 2093 300 2127 Cod.
326 2094 561 2128 carnotensis:
585 2096 881 2140 „supereffluant.“
905 2095 948 2130 R.

149 2148 187 2193 ⁶)
213 2149 252 2181 In
266 2148 351 2183 Cod.
375 2151 481 2183 sancti
495 2150 706 2184 Theodorici
726 2149 960 2183 desiderantur
972 2150 1055 2183 haec
1068 2149 1187 2182 verba:

57 2194 228 2238 „quamvis
260 2214 300 2220 —
324 2195 518 2237 legerimus:
555 2204 586 2228 et
616 2196 837 2229 effundantur
868 2194 929 2228 tibi
960 2208 1068 2239 aquae
1096 2203 1186 2228 extra

57 2248 153 2272 tuum
177 2241 339 2273 fontem.“
362 2240 402 2273 R.
