1427 2460
405 82 442 104 m
465 71 645 104 Nummos
671 68 831 103 ΗοΜιιιΑ
856 69 897 105 11.
1175 71 1222 105 23

82 175 165 207 „per
190 163 312 194 domos
335 159 539 193 familiarum
568 165 744 193 suarum:“
781 160 816 192 in
847 172 967 202 graeco
992 158 1082 191 idem
1106 172 1217 192 sermo

82 223 210 268 positus
235 231 291 262 est,
316 235 417 267 quem
443 231 476 255 et
498 222 545 254 ibi
561 222 744 266 Apostolus
763 222 854 261 dicit,
877 221 938 255 ubi
962 221 1021 254 ait:
1046 219 1165 266 „hujus
1181 221 1216 264 ¹)

77 284 131 318 'rei
155 284 257 326 gratia
281 297 384 317 curvo
409 296 518 326 genua
541 296 615 316 mea
641 283 683 316 ad
699 292 830 327 patrem
847 282 992 315 Domini
1010 282 1117 315 nostri
1134 282 1214 314 Jesu

85 346 218 391 Christi,
241 359 279 379 ex
305 359 373 390 quo
399 345 509 379 omnis
532 345 715 391 paternitas
741 345 777 377 in
804 345 901 377 coelo
926 353 959 377 et
981 344 1015 376 in
1041 353 1127 377 terra
1151 356 1215 376 no-

82 408 261 441 minatur.“
309 407 404 451 Quas
430 421 509 450 ergo
542 408 597 440 hic
631 407 756 440 Paulus
788 405 1006 452 paternitates
1038 405 1133 445 dicit,
1166 404 1213 437 ibi

80 469 222 503 familias
253 468 368 514 posuit
398 469 519 502 latinus
557 469 739 513 interpres,
777 469 835 501 sed
870 481 958 500 unus
989 477 1089 511 atque
1121 466 1212 500 idem

78 545 189 565 sermo
222 532 367 564 habetur
389 531 424 564 in
457 544 590 574 graeco.
648 531 732 564 Istae
763 539 842 563 sunt
873 542 951 571 ergo
983 528 1213 573 paternitates,

78 594 130 626 vel
153 592 310 633 familiae,
345 606 427 637 quas
450 592 578 626 Paulus
604 593 744 637 quidem
775 591 842 638 jam
868 591 1016 624 ostendit
1039 590 1073 623 in
1099 591 1213 630 coelis,

76 655 192 688 Moses
215 665 328 688 autem
352 656 414 688 sub
438 654 552 696 figuris
573 655 686 688 adhuc
709 654 872 696 legalibus
897 654 1058 686 describit
1087 653 1121 686 in
1146 662 1213 685 ter-

78 716 141 749 ris:
173 717 361 750 secundum
397 705 480 761 quas
517 716 675 749 incedere
704 730 768 749 nos
806 724 942 756 monet,
979 724 1017 747 ut
1046 714 1215 759 possimus

81 779 281 812 coelestibus
305 779 562 822 paternitatibus
585 777 718 811 sociari.
767 777 854 811 Sunt
880 776 988 816 enim,
1018 785 1055 809 ut
1086 776 1212 809 Paulus

76 839 230 884 superius
260 839 514 884 pronunciavit,
550 839 618 873 sive
643 838 789 872 familiae
818 839 899 872 istae
933 839 1097 871 dicendae
1127 848 1215 877 sunt,

78 900 146 933 sive
168 901 388 946 paternitates
408 902 444 934 in
464 902 574 941 coelo,
595 914 632 934 ex
649 901 771 946 quibus
789 902 878 934 sorte
893 910 939 934 est
963 909 995 932 et
1017 899 1085 940 illa,
1111 913 1213 944 quam

76 962 113 995 in
138 961 205 995 alio
228 963 308 996 loco
332 963 489 996 nominat
511 963 602 996 idem
624 963 750 996 Paulus
771 962 946 995 eeclesiam
959 961 996 1006 ²)
1021 960 1213 1006 primitivo-

77 1037 152 1057 rum
179 1025 382 1069 adscriptam
407 1024 442 1057 in
467 1024 588 1064 coelis,
628 1024 683 1057 cui
706 1037 769 1057 nos
795 1025 923 1058 eveniet
946 1022 1086 1062 sociari,
1117 1023 1143 1055 si
1165 1035 1217 1055 se-

79 1087 231 1119 cundum
256 1086 412 1120 ordinem
445 1085 663 1126 incedamus,
697 1096 728 1119 et
760 1085 875 1119 omnia
906 1086 1096 1118 secundum
1121 1083 1214 1117 ordi-

77 1160 156 1180 nem
181 1160 345 1190 geramus.
394 1147 431 1180 Si
454 1147 539 1180 nihil
561 1147 807 1188 inordinatum,
827 1147 915 1189 ‘nihil
939 1147 1141 1192 inquietum,
1164 1144 1217 1178 ni-

77 1208 126 1241 hil
148 1209 368 1242 inhonestum
389 1208 581 1242 inveniatur
602 1208 637 1242 in
664 1209 782 1249 nobis,
820 1218 901 1242 tunc
934 1218 965 1241 et
987 1207 1072 1242 sicut
1102 1208 1218 1241 firma-

78 1279 231 1303 mentum
263 1270 576 1315 resplendebimus,
611 1279 641 1303 et
671 1271 756 1304 sicut
786 1272 905 1304 stellae
932 1271 983 1303 vel
996 1270 1032 1314 ³)
1062 1269 1114 1302 sol
1146 1269 1216 1313 ipse

77 1331 319 1373 refulgebimus
342 1331 379 1364 in
403 1344 506 1372 regno
533 1332 618 1372 Dei,
655 1346 717 1376 per
743 1331 913 1365 Christum
939 1330 1106 1373 Jesum4)
1139 1331 1214 1363 Do—

75 1393 210 1426 minum
233 1402 409 1433 nostrum,
438 1392 493 1426 cui
523 1403 569 1427 est
600 1394 706 1436 gloria
737 1402 770 1427 et
800 1393 984 1438 imperium
1015 1392 1050 1426 in
1084 1393 1215 1427 saccula

74 1455 299 1489 saeculorum.
347 1456 465 1489 Amen.

169 1624 205 1668 ¹)
230 1623 353 1668 Ephes.
378 1623 438 1663 ΙΙΙ,
464 1623 516 1657 14,
543 1625 595 1658 15.

169 1680 207 1725 ²)
232 1680 339 1713 Hebr.
364 1679 442 1720 ΧΠ,
466 1681 521 1714 23.

169 1736 208 1780 ³)
231 1736 295 1769 Ed.
320 1736 431 1769 Ruaei
454 1737 548 1769 sola:
574 1746 606 1770 et
634 1739 685 1770 sol
710 1737 792 1782 ipse.

170 1790 208 1835 ⁴)
227 1791 451 1826 Desideratur
474 1793 637 1834 ‚,Jesum“
662 1793 697 1827 in
724 1795 776 1829 ed.
803 1792 919 1826 Ruaei.
