1427 2460
191 53 236 89 56
671 51 848 87 Omonms

193 156 266 177 non
295 143 331 178 in
363 143 581 187 aenigmate.“
642 142 754 177 Modo
788 143 877 176 enim
909 156 986 177 cum
1016 142 1132 177 Moses
1161 143 1251 177 venit
1282 146 1326 179 ad

193 218 267 246 nos,
292 215 324 238 et
348 204 549 249 conjunctus
574 213 622 237 est
643 204 724 238 huie
747 214 885 238 nostrae
909 204 1160 250 Aethiopissae,
1183 206 1235 239 lex
1260 206 1327 240 Dei

193 264 262 311 jam
286 279 360 299 non
384 266 418 298 in
444 264 574 308 figuris,
609 274 641 297 et
668 265 704 298 in
733 265 935 307 imaginibus
959 266 1043 299 sicut
1066 267 1178 312 prius,
1208 268 1268 302 sed
1290 267 1327 301 in

193 326 266 371 ipsa
289 326 400 371 specie
430 326 574 360 veritatis
607 327 818 369 agnoscitur:
853 336 885 359 et
915 340 1001 372 quae
1030 328 1123 372 prius
1154 328 1190 362 in
1215 329 1329 371 aenig-

194 397 285 421 mate
309 387 587 430 designabantur,
618 401 711 421 nunc
742 387 776 420 in
799 388 912 432 speeie
936 398 967 421 et
991 388 1127 429 veritate
1152 390 1330 435 complen-

195 458 262 483 tur.
308 449 353 483 Et
376 450 453 483 ideo
477 450 554 489 ille,
587 449 644 493 qui
668 448 795 494 species
819 449 1003 491 figurarum
1036 459 1066 483 et
1101 451 1329 493 aenigmatum

196 511 389 551 disserebat,
415 511 512 544 dicit:
536 510 680 552 „scimus
696 511 732 555 ι)
760 519 883 550 autem,
909 511 1071 555 quoniam
1090 522 1200 557 patres
1222 512 1331 546 nostri

198 586 316 606 omnes
339 573 401 606 sub
426 573 520 606 nube
540 573 688 612 suerunt,
715 581 747 605 et
772 586 888 606 omnes
913 572 948 605 in
967 573 1066 607 Mose
1083 574 1241 618 baptizati
1255 583 1333 608 sunt

197 633 234 666 in
258 635 352 667 nube
376 644 408 667 et
430 634 465 667 in
491 634 596 673 mari,
622 643 653 667 et
677 636 796 667 omnes
822 635 967 666 eandem
993 647 1102 668 escam
1126 636 1333 680 spiritualem

196 697 499 737 manducaverunt,
526 705 556 728 et
581 708 698 728 omnes
724 697 871 729 eundem
895 706 1016 740 potum
1047 697 1258 741 spiritualem
1282 696 1335 730 bi-

196 758 330 791 berunt.
381 757 553 790 Bibebant
585 766 696 789 autem
740 757 781 789 de
811 757 977 802 spirituali
1009 769 1237 803 consequente
1275 771 1333 792 eos

197 829 308 864 petra:
333 828 429 863 petra
456 828 567 851 autem
594 827 664 850 erat
689 818 873 852 Christus.“
926 819 1047 859 Vides,
1074 821 1253 864 quomodo
1278 832 1335 853 ae-

197 880 347 922 nigmata
373 881 452 923 legis
476 880 603 912 Paulus
629 880 787 919 absolvit,
814 890 844 913 et
867 879 994 925 species
1021 880 1246 921 aenigmatum
1271 881 1336 914 do-

200 951 269 980 cet,
294 950 327 974 et
351 941 449 981 dicit,
482 942 559 986 quia
592 951 688 986 petra
720 941 755 973 in
780 942 967 983 aenigmate
993 951 1063 975 erat
1086 942 1178 987 apud
1201 942 1337 983 BIosen,

198 1011 380 1047 antequam
405 1001 601 1048 jungeretur
624 1002 703 1036 huic
728 1011 865 1035 nostrae
886 1002 1132 1047 Aethiopissae.
1179 1004 1281 1036 Nunc
1301 1004 1338 1037 in

197 1064 310 1109 specie
334 1074 429 1109 petra
455 1064 608 1097 Christus
634 1073 691 1097 est.
748 1064 851 1097 Nune
876 1064 967 1097 enim
994 1078 1030 1098 os
1055 1066 1098 1097 ad
1125 1078 1162 1098 os
1186 1064 1339 1109 loquitur

197 1137 261 1168 per
282 1125 389 1165 legem
415 1125 521 1160 Deus.
572 1126 682 1157 Antea
715 1125 751 1157 in
784 1124 970 1166 aenigmate
1004 1126 1068 1158 suit
1091 1126 1277 1171 baptismus
1301 1127 1337 1159 in

198 1186 292 1218 nube
316 1195 347 1218 et
371 1186 406 1218 in
430 1185 528 1225 mari,
551 1199 641 1218 nunc
665 1196 779 1219 autem
802 1185 838 1217 in
863 1187 975 1230 specie
998 1188 1204 1229 regeneratio
1232 1197 1281 1221 est
1303 1187 1341 1221 in

199 1260 288 1292 aqua
313 1257 345 1280 et
367 1249 402 1282 in
429 1247 558 1292 Spiritu
583 1256 712 1280 sancto.
753 1247 852 1280 Tunc
867 1248 902 1280 in
918 1248 1105 1290 aenigmate
1121 1257 1192 1282 erat
1214 1261 1340 1282 manna

203 1309 309 1349 cibus,
333 1322 426 1341 nunc
450 1319 562 1342 autem
588 1309 624 1342 in
648 1308 760 1353 specie
785 1322 863 1342 caro
889 1309 994 1342 Verbi
1010 1309 1078 1342 Dei
1103 1319 1150 1343 est
1173 1323 1270 1343 verus
1294 1309 1342 1342 ci-

200 1370 274 1410 bus,
298 1370 383 1403 sicut
407 1379 439 1402 et
451 1369 487 1414 2)
511 1370 584 1414 ipse
610 1370 709 1409 dicit,
743 1370 821 1412 quia
845 1369 996 1412 ‚,car0·³)
1020 1383 1094 1403 mea
1119 1383 1196 1403 vere
1221 1379 1269 1403 est
1293 1370 1340 1403 ci-

199 1432 275 1472 bus,
298 1441 330 1464 et
350 1434 483 1473 sanguis
508 1444 603 1464 meus
626 1444 704 1463 vere
729 1440 777 1464 est
799 1435 934 1475 potus.“
970 1431 1027 1464 Sic
1052 1443 1131 1472 ergo
1156 1431 1224 1477 jam
1249 1444 1342 1464 nunc

201 1493 316 1526 BIoses
341 1493 433 1537 apud
457 1505 520 1525 nos
543 1492 683 1536 positus,
709 1501 740 1525 et
763 1491 842 1525 huic
868 1492 1103 1536 Aethiopissae
1127 1491 1342 1538 conjunctus,

200 1555 252 1587 vel
275 1555 346 1598 ipse
366 1554 409 1587 ad
433 1567 514 1593 nos,
545 1554 596 1586 vel
622 1554 716 1586 Deus
747 1554 790 1586 ad
814 1553 925 1598 ipsum
950 1567 1023 1586 non
1047 1553 1202 1598 loquitur
1225 1554 1261 1586 in
1286 1567 1342 1587 ae-

200 1616 358 1657 nigmate,
380 1616 440 1648 sed
463 1615 498 1648 in
522 1614 643 1660 specie.
680 1614 740 1648 His
759 1625 870 1648 autem
888 1615 1041 1648 additur:
1066 1623 1121 1654 „et
1134 1614 1171 1658 ⁴)
1188 1614 1343 1657 gloriam,

201 1677 322 1722 inquit,
346 1676 489 1709 Domini
514 1675 628 1709 vidit.“
676 1676 826 1720 Quando
852 1676 935 1709 vidit
959 1677 1073 1710 Moses
1097 1675 1241 1717 gloriam
1267 1676 1344 1708 Do-

201 1737 315 1771 mini?
362 1738 438 1779 Ego
462 1747 544 1770 tunc
569 1737 667 1777 dieo,
700 1740 838 1782 quando
864 1739 1122 1771 transformatus
1148 1746 1194 1769 est
1217 1736 1344 1769 Domi-

201 1813 266 1833 nus
289 1799 324 1832 in
346 1808 475 1838 monte,
499 1808 531 1831 et
555 1799 669 1832 aderat
694 1799 725 1831 ei
748 1800 862 1833 Bloses
889 1813 965 1832 cum
989 1799 1085 1838 Elia,
1110 1807 1142 1831 et
1167 1799 1345 1843 colloque-

204 1861 331 1893 bantur
366 1861 404 1893 ei.
466 1860 512 1893 Et
541 1861 619 1894 ideo
660 1870 751 1894 recte
783 1861 819 1894 in
860 1861 1144 1905 consequentibus
1174 1858 1343 1904 adjungit:

205 1922 307 1966 „et⁵)
333 1935 438 1966 quare
465 1935 537 1956 non
561 1922 715 1957 timuistis
740 1922 916 1955 detrahere
950 1923 1081 1955 famulo
1107 1933 1184 1954 meo
1209 1920 1346 1954 Mosi?“

209 1983 315 2026 Quod
342 1983 512 2018 evidenter
536 1985 652 2029 utique
677 1985 720 2017 ad
748 1997 804 2018 eos
822 1983 952 2017 dictum
970 1982 1133 2025 dirigitur,
1158 1981 1217 2026 qui
1232 1981 1346 2015 Evan-

302 2123 338 2166 ¹)
362 2123 378 2154 I
404 2123 483 2156 Cor.
507 2123 551 2163 X,
576 2124 594 2157 1
609 2125 690 2159 -4.
785 2124 823 2169 ²)
844 2124 949 2158 Deest
971 2127 1044 2164 „et“
1067 2123 1102 2157 in
1128 2123 1204 2156 edd.
1228 2121 1277 2156 M.

304 2179 342 2223 3)
366 2179 426 2212 Ev.
452 2183 578 2215 Joann.
602 2181 659 2220 VI,
684 2181 738 2214 55.

303 2234 341 2278 ⁴)
366 2236 465 2269 Num.
491 2236 569 2277 ΧΙΙ,
593 2237 624 2272 8.
720 2236 756 2281 5)
780 2237 882 2270 Num.
908 2234 984 2275 ΧΠ,
1007 2235 1038 2270 8.
