1427 2460
346 93 383 116 m
406 83 585 116 Nummos
610 81 769 116 HommA
790 82 897 115 XXV.
1123 83 1189 118 313

15 187 18 190 ⁴
61 173 159 207 dicit:
196 173 283 219 „qui
305 173 339 217 ¹)
371 181 482 206 autem
517 171 552 204 in
585 183 690 214 agone
723 171 914 211 contendit,
957 173 998 204 ab
1030 171 1187 205 omnibus

63 235 242 269 continens
266 239 349 269 est.“
397 233 467 277 Qui
492 245 571 275 ergo
595 246 667 266 non
692 233 866 267 contendit
889 233 924 266 in
948 246 1067 275 agone,
1091 244 1121 267 et
1147 236 1187 266 ab

59 296 220 330 ‘omnibus
243 309 313 329 non
339 305 386 330 est
410 296 605 335 continens,
628 308 740 339 neque
764 295 907 328 exerceri
930 296 999 328 vult
1024 296 1059 328 in
1084 297 1187 339 verbo

63 358 140 399 Dei,
164 367 196 391 et
219 358 255 391 in
279 359 351 400 lege
366 357 510 391 Domini
534 356 692 391 meditari
715 357 769 390 die
793 369 832 390 ac
855 367 966 399 nocte,
990 356 1044 393 lu'c
1061 358 1188 391 etiamsi

59 419 110 452 vir
133 419 281 461 dicatur,
315 419 365 452 vir
393 429 506 453 tamen
531 419 658 453 virtutis
690 431 762 451 non
791 427 903 463 potest
926 420 1098 464 appellari.
1147 422 1188 453 At

58 493 137 514 vero
163 480 235 521 hic,
260 483 302 514 (le
327 495 395 526 quo
419 496 512 515 nunc
536 493 649 515 sermo
674 489 722 513 est
744 480 930 525 scripturae
955 481 1105 522 divinae,
1130 483 1188 527 qui

58 542 164 587 spolia
190 544 232 576 de
255 543 409 576 hostibus
433 545 553 583 refert,
583 541 632 575 vir
656 542 785 575 virtutis
809 542 1018 587 appellatur:
1050 544 1118 577 hoc
1141 554 1189 578 est

58 604 150 637 enim
173 604 282 637 laudis
307 603 377 650 ejus
400 604 545 647 insigne,
578 604 674 649 quod
700 603 876 649 Scriptura
906 604 1003 645 dicit,
1033 605 1110 650 quia
1135 606 1187 640 lo-

58 675 154 699 cutus
176 675 222 700 est
245 666 386 700 Eleazar
409 668 567 700 sacerdos
592 667 636 700 ad
659 665 748 699 viros
771 665 918 705 virtutis,
954 665 1012 710 qui
1045 677 1188 701 reverte-

57 727 182 760 bantur
206 741 224 760 a
247 728 390 772 proelio.
443 717 528 771 Quis
551 737 706 761 nostrum
730 728 775 760 ita
799 736 932 772 paratus
958 736 1022 767 est,
1046 737 1085 761 ut
1107 743 1189 773 pro-

58 789 156 821 cedat
180 790 223 823 nd
246 789 386 829 bellurn,
411 798 443 822 et
461 798 578 822 contra
600 788 806 822 adversarios
832 787 978 829 dimicet,
1001 798 1039 822 ut
1065 799 1097 823 et
1120 790 1189 834 ipsc

58 849 107 882 vir
129 849 235 894 possit
266 851 429 896 appellari
452 849 604 884 virtutis?
649 851 745 884 Sicut
774 859 886 883 autem
910 851 975 882 vita
1002 851 1189 890 continens,

57 920 90 943 et
122 912 342 945 abstinentiae
375 913 492 952 labor,
532 921 631 956 atque
668 925 816 954 agonum
849 911 1030 958 certamina
1061 913 1190 946 faciunt

57 986 338 1019 unumquemque
368 974 477 1006 virum
510 973 636 1007 virtutis
669 973 855 1018 appellari:
891 975 936 1006 ita
970 988 987 1006 e
1017 974 1187 1008 contrario

57 1030 191 1069 remissa
214 1036 298 1076 vita,
336 1048 374 1069 ac
397 1035 567 1078 negligens
599 1044 630 1067 et
658 1034 775 1077 ignava
805 1035 885 1067 facit
907 1036 1015 1068 virum
1039 1036 1190 1077 ignaviae

58 1096 232 1141 appellari.
291 1097 328 1131 Si
353 1088 438 1138 ergo*
458 1097 502 1130 vis
518 1096 555 1139 ²)
579 1097 743 1140 appellari
770 1096 820 1128 vir
848 1097 994 1135 virtutis,
1028 1097 1133 1130 indue
1157 1109 1188 1132 te

58 1157 233 1191 Christum
258 1158 461 1197 Dominum,
486 1158 543 1202 qui
568 1157 703 1190 cst¹Dei
727 1158 846 1198 virtus,
871 1167 902 1190 ct
928 1157 991 1190 Dei
1014 1158 1188 1202 sapientia,

57 1227 91 1251 et
112 1220 148 1252 in
174 1221 334 1253 omnibus
359 1218 504 1266 adjunge
527 1229 560 1252 te
586 1218 762 1258 Domino,
786 1219 847 1258 ita,
872 1227 908 1251 ut
932 1233 1018 1252 unus
1043 1233 1120 1252 cum
1147 1234 1186 1253 eo

55 1280 190 1325 spiritus
214 1282 290 1323 fias3
316 1292 347 1315 ct
369 1292 449 1315 tunc
474 1282 524 1314 vir
546 1280 673 1316 virtutis
697 1270 861 1313 efficieris.
915 1281 1065 1325 Tempus
1088 1282 1189 1323 igitur

57 1341 139 1375 belli
161 1342 262 1377 nobis
287 1352 334 1377 est
357 1343 391 1376 in
416 1343 482 1376 hoc
506 1343 650 1382 mundo,
672 1354 785 1386 pugna
811 1343 967 1375 adversus
985 1342 1188 1377 Madianitas

58 1413 114 1444 est,
137 1403 205 1437 sive
230 1405 406 1438 adversum
422 1403 501 1437 vitia
519 1403 628 1437 carnis
651 1413 796 1443 nostrae,
819 1403 887 1436 sive
911 1405 1086 1437 adversum
1105 1417 1187 1437 con—

57 1464 174 1498 trarias
198 1473 389 1510 potestates.
450 1465 588 1510 Spectat
609 1478 673 1498 nos
700 1466 896 1506 angelorum
921 1466 1062 1505 chorus,
1086 1466 1188 1499 virtu-

57 1536 129 1559 tum
154 1526 349 1560 coelestium
375 1527 430 1574 pia
457 1539 532 1568 erga
557 1539 621 1559 nos
645 1526 774 1570 pendet
797 1527 1015 1570 exspectatio,
1048 1528 1186 1571 quando

56 1589 108 1621 vel
122 1589 311 1633 ‘quomodo
337 1589 380 1621 de
403 1588 470 1621 hoc
493 1588 626 1632 proelio
651 1596 877 1628 revertamur,
902 1589 983 1632 quid
1009 1590 1188 1633 unusquis-

59 1663 124 1695 que
147 1658 302 1684 nostrum
326 1649 564 1682 manubiarum
582 1639 747 1693 reportet:
773 1658 806 1681 ct
824 1648 1000 1682 intuentur
1013 1649 1187 1689 curiosius,

14 1734 17 1738 -
57 1724 96 1745 ac
120 1709 295 1744 sollicitius
318 1720 587 1755 perscrutantur,
619 1709 692 1754 quis
723 1719 877 1743 nostrum
910 1710 982 1742 auri
1014 1710 1092 1742 hinc
1117 1725 1186 1743 am-

55 1772 146 1817 plius
182 1773 285 1812 ferat,
328 1772 401 1816 quis
437 1771 536 1805 etiam
571 1771 698 1812 argenti
736 1771 821 1803 illud
855 1772 990 1815 pondus
1027 1772 1188 1811 exhibeat,

60 1833 174 1878 quisve
196 1833 326 1879 lapides
348 1832 479 1867 deferat
503 1832 677 1877 pretiosos.
727 1831 918 1876 Requirunt
941 1834 1052 1873 ctiam,
1075 1834 1101 1867 si
1116 1835 1188 1878 quis

59 1908 113 1928 aes
132 1894 268 1928 ‘deferat
291 1904 349 1928 aut
371 1897 508 1934 ferrum,
533 1904 590 1928 aut
612 1895 805 1939 plumbum,
830 1895 889 1927 scd
914 1904 945 1927 ct
960 1909 1014 1929 vas
1038 1895 1186 1937 ligneum

58 1957 83 1990 si
106 1958 195 1990 forte
218 1956 354 2001 aliquis,
391 1966 445 1989 aut
470 1957 589 1994 fictile,
630 1964 686 1988 aut
711 1955 803 1988 aliud
828 1955 1023 2001 hujusmodi
1048 1970 1187 1999 magnac

157 2197 190 2240 ¹)
215 2197 226 2228 1
254 2197 334 2229 cor.
359 2197 418 2235 lx,
441 2197 496 2231 25.

150 2252 188 2295 ²)
213 2253 301 2286 Edd.
327 2252 480 2286 Mcrlini:
514 2253 559 2286 vis
584 2253 632 2285 vir
655 2254 818 2298 appellari
843 2253 967 2286 virtutis
993 2262 1052 2286 etc
