1427 2460
244 82 311 117 112
720 83 896 117 Omonms

243 181 400 206 turorum
424 172 599 205 bonorum
624 171 761 206 veritate
781 172 1026 218 complebitur:
1043 171 1076 216 ¹)
1101 180 1148 213 ut,
1172 185 1258 218 quae
1281 186 1380 218 prae-

244 235 392 268 formata
415 242 493 266 sunt
515 233 550 266 in
574 233 635 266 illo
659 232 778 274 Israel,
795 234 869 279 'qui
898 234 1087 267 secundum
1117 247 1253 267 carnem
1277 235 1380 270 Israel

245 295 379 335 dicitur,
402 294 438 327 in
462 294 619 329 Israelitis
651 295 735 329 veris
759 305 791 329 et
817 295 1018 329 coelestibus
1042 294 1261 340 impleantur.
1306 296 1379 329 No-

243 370 324 390 men
349 355 439 389 enim
464 355 567 389 lsrael
590 356 743 401 pervenit
766 369 873 401 usque
897 358 940 390 ad
960 356 1129 398 angelicos
1146 357 1293 397 ordines,
1314 357 1379 391 nisi

243 418 324 463 quia
348 418 458 451 multo
483 416 592 450 verius
616 417 666 451 illi
690 418 955 463 appellabuntur
977 418 1091 458 Israel,
1116 427 1244 463 quanto
1268 419 1378 453 verius

242 479 292 513 illi
315 489 394 513 sunt
416 492 511 512 mens
534 478 651 512 videns
675 479 802 514 Deum.
858 481 937 513 Hoc
969 480 1058 514 enim
1083 480 1187 513 Israel
1210 479 1376 525 interpre-

243 550 343 574 tatur.
388 540 479 574 Puto
506 542 616 585 enim,
651 540 729 586 quia
755 541 840 575 sicut
865 542 1032 587 quaedam
1054 542 1196 575 nomina
1221 541 1273 575 vel
1296 554 1378 585 gen-

241 604 339 643 tium,
363 603 415 635 vel
438 602 653 647 principum,
684 602 719 636 in
745 602 925 648 scripturis
947 602 1056 647 posita
1087 604 1259 644 videmus,
1290 616 1378 648 quae

243 666 370 710 absque
394 664 463 698 ulla
488 664 702 697 dubitatione
726 666 770 698 ad
793 665 903 698 malos
927 666 1082 707 angelos,
1118 674 1150 698 et
1174 666 1217 699 ad
1239 665 1377 700 virtutes

244 725 429 760 contrarias
453 727 659 760 reserantur:
682 726 785 767 sicut,
808 726 902 759 verbi
927 726 1047 769 gratia,
1072 726 1205 760 Pharao
1230 739 1286 760 rex
1309 728 1377 760 Ae-

241 788 350 835 gypti,
389 797 421 821 et
447 788 776 822 Nabuchodonosor
805 787 1017 836 Babylonius
1055 797 1087 821 et
1117 788 1303 834 Assyrius?
1331 787 1378 821 ita

242 850 342 883 etiam
368 862 416 890 ea,
440 862 527 894 quae
552 850 594 882 de
617 849 739 884 sanctis
763 849 838 883 viris
864 858 896 882 et
919 859 1015 892 gente
1045 849 1199 891 religiosa
1222 849 1376 883 scribun-

240 920 313 952 tur,
345 912 388 944 ad
417 921 549 945 sanctos
584 912 720 954 angelos
757 921 788 944 et
811 912 852 944 ad
877 911 1040 954 benignas
1064 912 1227 944 debemus
1250 912 1377 945 referre

239 973 386 1007 virtutes.
434 972 542 1017 Quod
566 982 679 1006 autem
702 985 760 1005 rex
789 972 894 1014 gentis
917 973 1043 1018 impiae
1065 974 1109 1006 ad
1131 974 1289 1006 virtutem
1314 972 1376 1006 ali-

240 1049 342 1080 quam
374 1036 557 1078 malignam
591 1035 633 1067 ab
664 1034 841 1079 Scriptura
873 1035 1056 1075 referatur,
1088 1035 1168 1068 audi
1193 1035 1372 1079 quomodo

239 1097 354 1131 Esaias
379 1097 421 1129 de
444 1095 771 1129 Nabuchodonosor
795 1095 899 1129 dicat:
930 1105 985 1136 „et
997 1095 1033 1141 ²)
1058 1096 1229 1136 inducam,
1251 1096 1373 1141 inquit,

238 1159 390 1202 gladium
411 1170 514 1202 super
537 1165 669 1199 gentem
693 1168 862 1199 magnam,
887 1170 988 1202 super
1007 1158 1196 1203 principem
1213 1156 1381 1202 Assyrio-t

240 1233 326 1254 rum.
373 1218 431 1252 Ait
456 1217 566 1252 enim:
595 1216 717 1251 virtute
740 1230 817 1252 mea
839 1219 979 1260 faciam,
1012 1229 1044 1252 et
1072 1218 1235 1265 sapientia
1258 1232 1373 1252 sensus

239 1281 308 1316 mei
333 1283 503 1314 destruam
528 1280 610 1313 fines
634 1280 795 1322 gentium,
819 1289 851 1313 et
874 1280 1029 1314 virtutem
1049 1294 1169 1315 eorum
1186 1281 1372 1326 depraeda-

237 1345 337 1380 bor,“
382 1343 429 1375 Et
457 1342 538 1375 item
570 1341 651 1374 alibi
681 1341 776 1386 quasi
807 1343 850 1375 de
878 1341 1034 1386 principe
1067 1342 1172 1384 gentis
1197 1340 1371 1387 cujusdam

237 1407 381 1450 loquens
406 1403 502 1436 dicit:
534 1402 785 1447 „quomod03)
811 1403 932 1436 cecidit
957 1404 998 1436 de
1023 1404 1120 1437 coelo
1143 1402 1289 1442 Lucifer,
1314 1401 1373 1447 qui

237 1480 340 1501 mane
364 1463 583 1500 oriebatur?“
630 1463 668 1496 Si
691 1476 769 1506 ergo
794 1464 878 1497 haec
902 1463 1018 1498 omnia
1041 1465 1084 1497 ad
1108 1464 1244 1506 angelos
1268 1476 1373 1508 quos-

239 1531 318 1563 dam
341 1527 508 1569 malignae
521 1524 556 1570 ⁴)
581 1524 710 1558 virtutis
733 1525 852 1559 referri
877 1525 966 1568 cogit
980 1526 1065 1559 ratio
1079 1525 1232 1566 veritatis,
1254 1537 1371 1558 nonne

238 1591 358 1624 eadem
382 1587 625 1632 consequentia
650 1586 761 1627 etiam,
786 1600 872 1632 quae
886 1588 929 1620 de
948 1587 1059 1627 bouis,
1084 1585 1372 1632 velprincipibus,

236 1652 290 1685 vel
313 1650 467 1693 gentibus
491 1648 771 1688 conscribuntur,
806 1650 849 1682 ad
873 1650 1063 1689 bonarum,
1093 1657 1132 1681 ut
1161 1661 1263 1693 supra
1287 1646 1372 1681 dixi-

235 1726 322 1752 mus,
345 1711 504 1745 virtutum
528 1711 682 1753 angelos,
712 1710 953 1755 ministrosque
983 1709 1198 1744 referentur?
1245 1709 1314 1742 Sed
1339 1717 1372 1742 et
1407 1734 1409 1738 .

235 1774 340 1815 illud,
365 1773 460 1818 quod
483 1771 518 1804 in
546 1771 670 1805 Genesi
691 1772 853 1816 scriptum
876 1771 1037 1813 legimus,
1060 1771 1176 1804 Deum
1201 1771 1245 1803 ad
1269 1781 1370 1812 ange-

235 1835 288 1869 los
309 1834 383 1869 sine
407 1832 514 1866 dubio
540 1834 738 1878 loquentem
758 1833 887 1866 dicere:
912 1831 1091 1877 ‚,venite⁵)
1116 1832 1369 1866 confundamus

235 1895 365 1939 linguas
390 1898 551 1928 eorum:“
584 1895 667 1940 quid
692 1893 786 1928 aliud
808 1895 1001 1940 putandum
1025 1902 1090 1935 est,
1113 1893 1177 1927 nisi
1200 1894 1295 1938 quod
1315 1893 1368 1927 di-

234 1957 320 1992 versi
343 1955 452 2000 angeli
476 1956 621 1990 diversas
645 1956 679 1989 in
704 1955 902 1990 hominibus
925 1956 1055 1999 linguas
1080 1952 1210 2000 operati
1239 1955 1306 1989 sint
1327 1967 1367 1989 ac

330 2063 364 2106 ¹)
388 2062 477 2095 Edd.
502 2061 660 2096 Merlini:
685 2061 883 2108 complebit,

325 2118 363 2162 ²)
388 2117 460 2151 Cfr.
484 2117 583 2150 Jesai.
607 2119 651 2159 X,
674 2120 726 2154 12.
750 2119 803 2154 13.
899 2117 937 2160 3)
960 2117 1060 2150 Jesai.
1084 2117 1177 2158 XIV,
1200 2118 1253 2152 12.

326 2173 363 2215 ⁴)
388 2173 467 2205 Mss.
498 2173 717 2216 ‚,malignae.“
775 2174 868 2207 Libri
905 2174 984 2207 editi
1015 2173 1064 2218 (v-
1098 2186 1125 2206 c.
1162 2173 1240 2207 edd.
1277 2173 1361 2217 M.):

232 2222 426 2260 ‚,magnae.“
449 2217 488 2249 R.

326 2273 361 2318 ⁵)
387 2272 510 2308 Genes.
535 2273 597 2313 XI,
621 2275 651 2308 7.
