1427 2460
387 69 423 93 m
448 59 626 92 Nummos
651 57 810 92 HoMmA
831 58 904 92 VII.
1168 57 1214 93 53

78 151 135 184 fiet
157 159 301 195 uterque
323 162 410 183 unus
434 161 529 191 grex,
561 159 594 182 et
617 163 704 182 unus
727 158 851 193 pastor.
899 148 940 180 In
965 160 1033 192 quo
1059 159 1136 180 vere
1161 146 1213 179 di-

80 213 226 245 cendum
253 219 318 244 est:
340 224 382 251 „0
406 210 548 243 altitudo
565 210 599 254 ¹)
624 209 816 243 divitiarum
829 208 1023 255 sapientiae,
1048 218 1079 241 et
1101 207 1210 241 seien-

63 274 146 306 .tiae
169 273 235 306 Dei
245 272 274 305 !“
298 272 356 317 qui
379 272 425 305 ita
449 271 615 305 conclusit
639 285 757 304 omnes
782 273 844 306 sub
869 280 1020 316 peccam,
1045 279 1083 303 ut
1098 271 1209 302 omni-

78 336 142 368 bus
165 333 362 367 misereatur
383 333 420 366 iu
451 332 588 366 Christo
618 331 699 366 Jesu
723 332 878 366 Domino
910 341 1049 374 nostro,
1075 330 1130 364 cui
1163 338 1211 363 est

79 395 185 439 gloria
209 395 244 428 in
267 395 401 429 saecula
424 394 650 429 saeculorum.
699 396 821 428 Amen.

365 694 754 734 HOMILIA
812 695 915 734 Vll.

123 796 270 827 Rursum
295 793 337 826 de
368 792 602 838 Aethiopissa,
633 803 665 826 et
696 794 738 826 de
770 794 863 839 lepra
897 792 1045 831 Mariae,
1077 803 1164 835 quae

534 856 756 900 superfuerat.

168 949 200 984 1.
223 945 319 979 Sicut
349 945 536 989 Apostolus
571 944 669 979 dicit:
705 946 865 990 „haec²)
897 944 1011 977 omnia
1044 942 1078 975 in
1104 942 1210 984 figura

77 1007 320 1049 contingebant
343 1007 425 1048 illis,
455 1007 580 1052 scripta
610 1016 690 1040 sunt
715 1016 825 1040 autem
850 1015 993 1051 propter
1017 1003 1209 1038 commoni-

75 1070 206 1103 tionem
237 1073 428 1102 nostram:“
464 1082 610 1113 quaero,
644 1069 726 1113 quid
758 1066 1036 1101 commonitionis
1066 1064 1211 1109 accipia-

76 1145 152 1164 mus
177 1143 215 1163 cx
240 1143 291 1169 ee,
316 1132 411 1174 quod
435 1131 560 1163 lectum
586 1139 633 1163 est
655 1129 772 1170 nobis,
799 1130 878 1174 quia
903 1129 1120 1162 detraxerunt
1143 1128 1211 1159 Aa·
1241 1132 1245 1133 ⁷

77 1205 143 1225 ron
169 1202 201 1225 et
223 1190 334 1224 Maria
362 1193 404 1224 de
427 1191 535 1231 Mose,
561 1200 593 1223 et
609 1199 752 1236 propter
766 1191 833 1223 hoc
846 1190 994 1235 correpti
1017 1198 1112 1230 sunt;
1135 1188 1211 1221 Ma-

77 1255 128 1287 ria
151 1266 230 1285 vero
256 1253 356 1286 etiam
388 1253 522 1296 leprosa
555 1251 707 1285 efficitur.
771 1251 880 1284 Tanta
906 1262 1018 1286 autem
1042 1252 1108 1284 fuit
1132 1263 1212 1284 cura

79 1313 303 1358 correptionis
328 1312 439 1356 hujus,
463 1323 501 1345 ut
534 1315 615 1346 dum
634 1313 743 1346 Maria
766 1313 974 1357 septimanae
997 1322 1131 1357 tempus
1156 1325 1210 1344 ex-

76 1377 186 1421 pleret
209 1375 243 1407 in
269 1375 382 1419 lepra,
411 1375 561 1419 populus
592 1373 659 1407 Dei
690 1387 761 1407 non
793 1383 903 1416 ageret
932 1375 996 1407 iter
1020 1375 1062 1407 ad
1087 1383 1211 1406 terram

77 1435 368 1482 repromissionis,
411 1448 456 1468 ne
492 1437 752 1468 tabernaculum
788 1435 971 1469 testimonii
1007 1443 1212 1467 moveretur.

76 1498 196 1532 Primo
222 1496 355 1530 interim
380 1510 543 1536 moneor,
579 1506 610 1529 et
644 1496 772 1531 utiliter
794 1510 832 1530 ac
855 1496 1042 1530 necessario
1067 1509 1214 1529 moneor

79 1574 119 1594 ex
142 1561 208 1592 lioc
232 1560 333 1599 sacto,
356 1571 401 1591 ne
425 1559 600 1591 detraham
626 1559 732 1599 fratri,
756 1572 800 1592 ne
822 1559 910 1591 male
926 1560 1049 1602 loquar
1064 1558 1106 1590 de
1130 1571 1213 1602 pro-

81 1621 171 1655 ximo
197 1634 296 1660 meo,
333 1633 377 1652 ne
409 1619 557 1663 aperiam
592 1633 629 1652 os
661 1633 776 1652 meum
808 1620 851 1652 ad
883 1620 1117 1662 derogandum
1141 1632 1212 1651 non

79 1684 191 1717 solum
214 1681 353 1721 sanctis,
384 1682 442 1713 sed
475 1690 507 1713 et
539 1680 745 1725 quibuslibet
776 1680 938 1725 proximis
962 1681 1067 1714 meis(
1102 1680 1216 1720 Vides,

81 1754 204 1789 quanta
229 1757 267 1776 cx
291 1744 360 1775 hoc
385 1742 570 1784 indignatio
588 1743 654 1775 Dei
679 1742 789 1782 fuerit,
814 1752 939 1786 quanta
962 1743 1107 1775 vindicta
1132 1755 1215 1786 pro-

82 1805 226 1838 cesserit.
274 1803 434 1847 Denique
465 1805 642 1836 adversum
674 1813 851 1847 peccatum
883 1804 970 1837 istud
1002 1803 1103 1837 simili
1126 1802 1216 1835 indi-

81 1866 243 1907 gnatione
268 1864 367 1897 ctiam
392 1864 428 1896 in
452 1865 592 1898 Psalmis
618 1866 731 1897 Deum
759 1864 966 1898 commoveri
991 1864 1158 1903 videmus,
1184 1873 1216 1896 et

82 1925 421 1969 dice1-e:-„sedens³)
454 1926 610 1960 adversus
641 1928 779 1959 fratrem
812 1936 908 1958 tuum
935 1925 1152 1964 detrahebas,
1184 1935 1216 1958 et

82 1991 241 2022 adversus
265 1987 374 2020 filium
398 1986 514 2020 matris
538 1996 616 2019 tuae
639 1988 792 2031 ponebas
810 1987 1039 2020 scandalum.“
1086 1986 1215 2020 Simili-

82 2059 134 2083 ter
158 2058 269 2083 autem
295 2058 328 2081 et
350 2048 385 2081 in
412 2049 479 2082 alio
504 2049 636 2093 psalmo
663 2062 700 2081 ex
723 2061 869 2093 persona
887 2047 974 2093 justI,
997 2048 1132 2082 sci-entis
1147 2049 1215 2081 hoc

180 2189 215 2232 ι)
240 2188 342 2221 nom.
368 2188 429 2227 Χι,
451 2189 506 2222 33.
602 2188 638 2232 2>
664 2189 678 2220 1
707 2188 786 2222 cor.
811 2188 855 2229 X,
880 2189 930 2224 11.

179 2245 217 2288 ὃ)
240 2243 362 2277 Psalm.
389 2244 425 2284 L,
449 2246 504 2280 20.
529 2244 691 2289 (XLIX.)
