1427 2460
228 98 297 133 298
715 95 892 129 Omelzms

230 188 380 223 nominis
411 185 482 231 ejus
514 186 632 218 haberi
663 185 769 230 possit
799 185 993 230 appellatio.
1041 185 1143 218 Unde
1165 185 1243 218 satis
1265 197 1364 226 agen-

231 252 315 284 ‹lum
346 259 393 283 est
421 247 606 291 unicuique
629 257 803 288 nostrum,
834 257 891 287 ut,
920 247 948 280 si
970 248 1059 280 forte
1082 246 1172 280 videt
1192 246 1228 279 iu
1253 259 1289 279 se
1312 246 1364 278 in-

229 312 391 346 teriorem
420 309 596 342 hominem
621 318 843 353 peccatorum
865 310 1040 350 sordibus,
1072 319 1103 342 et
1125 309 1285 342 vitiorum
1308 321 1366 340 ru-

231 375 369 408 deribus
400 384 601 416 oppressum
640 369 770 416 jacere,
808 371 904 405 citius
941 373 984 405 ab
1014 385 1056 404 eo
1089 372 1219 404 auferat
1249 382 1366 403 omnes

229 434 482 473 immunditias,
525 432 622 465 citius
658 442 752 466 eruat
787 446 865 466 eum
901 434 943 466 ab
979 433 1074 467 omni
1108 432 1365 478 inquinamento

232 497 341 532 carnis
373 506 404 530 et
432 493 619 537 sanguinis,
651 505 868 528 convertatur
899 495 1084 540 aliquando
1119 496 1162 528 ad
1186 494 1367 540 poeniteu-

230 561 331 599 tiam,
358 566 494 592 revocet
518 557 561 590 ad
582 569 618 590 se
642 557 845 590 memoriam
867 557 946 598 Dei,
968 568 1104 591 revocet
1126 570 1220 602 spem
1243 553 1368 588 salutis.

229 623 313 655 Non
349 620 439 654 enim
473 619 610 662 haec')
649 619 851 652 extrinsecus
884 621 1022 653 aliunde
1055 618 1250 664 quaerenda
1279 624 1368 655 sunt,

230 684 291 718 sed
313 684 402 716 intra
426 695 491 715 nos
515 690 562 714 est
585 680 699 714 salutis
725 682 878 721 occasio,
909 680 996 715 sicut
1019 691 1052 715 et
1074 680 1246 715 Dominus
1271 678 1368 712 dixit:

230 759 338 787 „ecce
354 744 391 789 ²)
429 742 519 776 enim
559 755 701 784 regnum
730 743 798 778 Dei
835 743 923 776 intra
954 757 1013 777 vos
1049 747 1129 777 est.“
1182 742 1274 774 Intra
1303 753 1368 773 nos

232 819 382 852 namque
412 815 460 840 est
490 804 722 838 conversionis
753 805 902 839 facultas.
951 805 1039 840 Cum
1073 805 1161 838 enim
1187 814 1368 836 conversus

231 869 453 913 ingemueris,
489 867 600 901 salvus
632 868 713 908 eris,
745 878 777 901 et
806 878 888 901 tunc
918 867 1047 913 poteris
1077 868 1178 910 digne
1208 863 1368 898 altissimo

231 933 377 965 reddere
399 938 478 963 vota
506 938 582 969 tua,
613 939 645 962 et
667 930 774 963 homo
799 930 906 962 homo
931 930 1107 974 appellari.
1155 928 1284 960 Votum
1308 937 1368 958 au-

231 1004 301 1028 tem
339 1002 405 1033 est,
442 1004 521 1025 cum
554 991 683 1036 aliquid
716 993 760 1025 de
790 992 914 1025 nostris
946 991 1122 1024 offerimus
1151 990 1243 1022 Deo.
1287 988 1371 1020 Vult

233 1069 313 1098 ergo
348 1069 366 1088 a
397 1053 499 1087 nobis
529 1053 622 1097 prius
654 1054 781 1099 aliquid
813 1053 966 1098 accipere
988 1053 1105 1093 Deus,
1137 1061 1171 1084 ct
1199 1051 1245 1083 ita
1268 1048 1370 1082 nobis

234 1117 364 1162 aliquid
394 1115 466 1160 ipse
495 1115 628 1156 largiri,
661 1125 697 1148 ut
730 1117 822 1149 dona
844 1128 904 1148 sua
929 1124 961 1148 et
983 1127 1126 1148 munera
1149 1111 1370 1151 merentibus,

233 1189 266 1213 et
288 1192 361 1212 non
385 1176 562 1211 immeritis
587 1176 699 1219 largiri
718 1177 879 1210 videatur.
927 1176 1021 1226 Quid
1046 1185 1156 1210 autem
1183 1184 1250 1214 est,
1272 1173 1370 1218 quod

235 1243 305 1275 vult
327 1239 481 1285 accipere
504 1251 523 1271 a
547 1238 648 1272 nobis
673 1238 791 1273 Deus?
826 1239 918 1272 Audi
933 1239 1131 1284 Scripturae
1151 1235 1369 1270 sententiam:

235 1313 296 1346 „et
311 1303 348 1347 ³)
371 1314 465 1335 nunc
489 1301 609 1340 Israel,
635 1301 717 1345 quid
736 1301 909 1334 Dominus
934 1301 1028 1335 Deus
1051 1310 1128 1334 tuus
1151 1298 1263 1344 poscit
1284 1310 1303 1330 a
1327 1305 1372 1336 te,

235 1365 299 1400 nisi
321 1373 361 1398 ut
383 1363 500 1397 timeas
523 1362 718 1396 Dominum
731 1362 845 1396 Deum
868 1373 976 1404 tuum,
1001 1372 1034 1396 et
1058 1362 1211 1395 ambules
1232 1360 1269 1394 in
1293 1373 1369 1393 om-

234 1428 336 1461 nibus
358 1425 417 1459 viis
442 1423 532 1470 ejus,
562 1434 594 1458 et
625 1424 743 1466 diligas
772 1438 850 1457 eum
875 1438 915 1458 ex
938 1434 1012 1458 toto
1038 1425 1145 1457 corde
1168 1433 1247 1463 tuo,
1274 1430 1308 1454 et
1331 1434 1370 1454 ex

234 1499 305 1523 tota
341 1487 452 1521 anima
487 1496 561 1526 tua,
597 1495 631 1519 et
666 1499 704 1519 ex
736 1486 813 1520 totis
844 1487 970 1520 viribus
999 1485 1110 1520 tuis?“
1164 1486 1262 1520 Haec
1292 1496 1370 1520 sunt

235 1564 334 1594 ergo,
369 1563 456 1595 quac
488 1548 584 1581 Deus
614 1548 725 1593 poscit
755 1561 773 1581 a
806 1549 916 1582 nobis.
971 1548 1071 1593 Quae
1108 1549 1134 1582 si
1172 1562 1245 1582 non
1276 1549 1371 1594 prius

237 1615 438 1651 offeramus,
468 1611 511 1642 ab
536 1611 610 1655 ipso
635 1610 840 1655 accipiemus
863 1610 959 1644 nihil.
1005 1610 1163 1653 Legimus
1187 1621 1218 1644 et
1242 1611 1277 1644 in
1302 1611 1369 1645 alio

235 1677 335 1709 loco:
367 1675 472 1714 „date
485 1671 522 1717 ⁴)
553 1672 696 1714 gloriam
722 1673 846 1705 Deo:“
877 1682 925 1705 et:
957 1673 1063 1712 „date
1086 1673 1369 1714 magnificentiam

236 1738 347 1770 Deo.“
393 1735 430 1768 Si
455 1734 613 1767 dederitis
636 1734 791 1776 gloriam,
815 1733 981 1778 recipietis
1002 1734 1155 1777 gloriam.
1203 1736 1260 1769 Sic
1279 1737 1369 1770 enim

237 1799 318 1832 dicit
338 1797 410 1842 ipse
433 1797 545 1830 Deus:
577 1795 830 1838 „glorificantes
847 1797 883 1839 ⁵)
912 1810 984 1835 me,
1014 1797 1250 1839 glorificabo.“
1296 1798 1368 1840 Ego

235 1873 315 1893 vero
342 1860 430 1899 dico,
456 1860 549 1902 quod
576 1867 607 1890 et
625 1859 652 1891 si
669 1859 853 1891 offeramus
870 1858 899 1891 ei
922 1857 1083 1903 justitiam
1097 1868 1261 1900 nostram,
1284 1862 1370 1894 acci-

238 1923 368 1968 piemus
400 1922 443 1954 ab
473 1920 548 1964 ipso
579 1919 739 1964 justitiam
773 1920 849 1952 Dei.
902 1920 945 1953 Et
976 1921 1003 1953 si
1033 1922 1216 1955 osser-amus
1249 1922 1278 1955 ei
1306 1936 1369 1955 no-

238 1993 353 2024 stram,
374 1983 410 2016 id
435 1991 492 2022 est,
516 1981 670 2025 corporis
695 1982 890 2021 castitatem,
913 1982 1117 2027 accipiemus
1141 1985 1183 2017 ab
1207 1984 1283 2029 ipso
1301 1987 1370 2031 spi-

332 2122 366 2165 ¹)
390 2122 495 2154 Deest
516 2121 654 2161 ‚,haec“
678 2122 713 2155 in
738 2124 790 2156 ed.
816 2122 931 2155 Ruaei.

332 2179 368 2222 ²¹)
396 2178 477 2210 Luc.
502 2177 612 2216 XVII,
634 2179 689 2213 21.
783 2178 820 2222 3)
843 2179 944 2213 Deut.
970 2179 1013 2219 X,
1037 2181 1089 2214 12.

333 2233 370 2277 ⁴)
395 2233 521 2266 Jerem.
546 2233 642 2275 XIII,
671 2234 723 2269 16.

333 2291 368 2333 5)
394 2289 515 2323 lSam.
541 2289 583 2329 ΙΙ,
613 2291 863 2334 30.(1Regg.)
