1427 2460
350 56 384 78 m
409 46 586 78 Nummos
612 27 770 77 uom‘um
792 44 883 77 xm.
1120 47 1183 80 143

50 144 162 171 ‘sermo
187 136 264 177 Dei,
289 145 321 169 et
344 135 472 175 efficax,
497 143 530 167 et
554 133 798 178 penetrabilior
823 134 917 166 omni
942 134 1086 176 gladio.‘⁴
1135 136 1179 168 Et

50 199 129 232 item
160 198 195 231 in
227 197 314 231 aliis:
344 206 398 237 „et
412 197 445 240 ¹)
470 196 638 238 gladium,
670 195 797 239 inquit,
827 195 982 239 spiritus,
1013 198 1107 241 quod
1132 206 1182 230 est

51 261 192 293 verbum
217 258 315 292 Dei.“
345 258 385 290 In
399 256 499 303 hujus
525 270 604 300 ergo
629 257 731 300 gladii
747 270 829 289 nece
855 257 976 290 cecidit
998 257 1181 302 spiritualis

49 313 154 362 Seon,
177 320 236 365 qui
259 329 307 354 est
330 320 498 355 diabolus.
539 319 689 352 Additur
712 328 790 363 post
813 319 915 351 haec:
940 329 993 358 „et
1005 319 1042 364 ²)
1067 321 1181 353 domia

51 382 119 416 nati
142 390 238 421 sunt,
268 382 397 426 inquit,
427 381 488 415 filii
521 381 623 415 Israel
648 380 743 413 omni
767 370 874 413 terroe
899 380 999 425 ejus.“
1057 381 1181 415 Omnis

49 445 188 488 quidem
212 442 305 485 regio
331 444 414 477 haec
438 453 572 476 terrena
594 451 685 475 terra
711 441 834 475 dicit-ur
858 442 971 475 Seon:
994 443 1053 474 sed
1079 442 1180 476 Chri-

47 513 115 538 stus
139 513 172 538 et
195 505 334 539 ecclesia
359 504 429 551 ejus
443 504 642 538 dominatur
655 503 691 536 in
707 502 801 536 omni
816 512 904 536 terra
922 499 1025 537 Seori.
1062 503 1128 544 „Et
1144 503 1181 547 ³)

47 565 215 599 dominati
237 576 316 599 sunt
339 568 381 600 ab
407 568 526 600 Arnon
549 579 657 611 usque
680 566 825 598 Jahoe.“
873 566 1000 598 Arnon
1019 574 1050 597 et
1070 565 1181 598 Jaboc

48 626 193 661 civitates
219 638 313 661 eraut
343 628 427 670 regis
440 627 476 672 4)
501 628 612 667 seon,
643 628 701 662 sed
732 627 864 660 initium
896 626 990 669 regni
1015 626 1085 672 ejus
1111 636 1181 660 erat

48 690 179 729 Arnon,
204 699 236 722 et
259 690 333 723 finis
356 680 476 730 jaboc,
502 699 532 722 et
555 690 634 722 ideo
660 688 792 729 dicitur,
817 688 895 733 quia
913 689 1080 721 dominati
1103 698 1182 722 sunt

47 751 90 783 ab
115 752 237 784 Arnon
261 764 367 796 usque
388 752 510 784 Jaboc.
556 750 802 795 Interpretatur
825 759 937 783 autem
964 752 1084 782 Arnon
1109 763 1183 783 ma-

46 812 245 845 ledictiones
269 825 399 845 eorum.
453 812 593 845 Initium
618 812 709 845 enim
733 811 826 853 regni
850 811 944 844 Seon
968 810 1068 856 hujus
1093 812 1183 850 elati,

48 882 80 905 et
102 873 322 914 infructuosi,
355 873 612 907 maledictiones
636 882 724 907 sunt.
770 872 864 906 Finis
887 885 966 905 vero
992 883 1039 906 est
1061 875 1181 913 Jaboc‚

47 935 142 979 quod
165 934 406 980 interpretat-ur
427 936 609 969 luctamen.
643 935 785 968 Necesse
802 943 850 967 est
873 935 974 975 enim,
998 945 1035 968 ut
1060 936 1182 974 omnis,

46 996 104 1041 qui
128 998 199 1030 vult
222 998 309 1031 exire
333 998 376 1031 de
399 1010 504 1040 regno
530 997 671 1037 diaboli,
697 1005 730 1029 et
752 995 836 1029 fines
860 996 930 1040 ejus
954 999 1105 1037 evadere,
1128 998 1182 1030 lu-

45 1067 180 1092 ctamen
202 1058 368 1100 inveniat,
394 1069 426 1093 et
448 1058 631 1092 certamina
646 1050 686 1091 'ei
710 1071 729 1091 a
752 1058 911 1091 ministris
936 1057 1007 1103 ejus
1029 1069 1061 1091 et
1083 1060 1182 1092 satel-

46 1119 143 1152 litibu
165 1126 168 1131 ’
223 1121 392 1154 scitentur.
447 1121 517 1154 Sed
546 1120 574 1154 si
596 1121 741 1152 luctatus
765 1119 868 1152 fuerit
892 1128 924 1152 et
946 1120 1081 1161 vicerit,
1112 1120 1180 1166 jam

46 1194 119 1214 non
143 1194 160 1215 e
180 1191 205 1215 it
228 1182 341 1215 Jahoc
366 1181 476 1215 civitas
501 1182 604 1220 Seon7
629 1181 688 1213 sed
713 1180 774 1213 erit
799 1180 912 1214 civitas
937 1181 1048 1215 lsrael.
1104 1181 1181 1216 Hoc

47 1252 94 1277 est
118 1243 208 1277 euim
232 1244 413 1284 nimirum,
439 1244 533 1287 quod
556 1241 744 1286 legimus⁵)
778 1251 809 1275 et
838 1242 881 1275 de
903 1244 1096 1286 patriarcha
1119 1245 1180 1278 Ja-

46 1305 131 1345 cob,
157 1305 328 1349 'quoniam
355 1317 433 1337 cum
457 1303 599 1336 venisset
629 1304 672 1336 ad
696 1303 813 1335 locum
848 1305 1038 1347 quendam,
1073 1305 1182 1339 lucta-

44 1378 123 1399 men
148 1365 178 1398 ei
201 1374 442 1411 praeparatum
467 1374 532 1405 est,
567 1374 600 1407 et
631 1364 680 1398 ibi
708 1373 779 1396 tota
809 1373 912 1397 nocte
935 1366 1078 1398 luctatus
1102 1380 1181 1400 cum
1227 1409 1232 1414 ¹

45 1427 245 1461 obtinuisset
268 1437 300 1460 et
321 1426 516 1460 invaluisset
539 1427 583 1460 ad
607 1427 741 1466 Deum,
773 1425 956 1459 vocitatum
982 1437 1029 1460 est
1051 1441 1181 1461 nomen
1226 1415 1230 1420 ι

44 1487 115 1535 ejus
137 1488 252 1522 Israel.
306 1489 372 1529 „Et
384 1488 422 1533 ⁶)
446 1488 593 1533 accepit,
616 1488 743 1533 inquit,
766 1487 868 1521 Israel
891 1501 1009 1522 omnes
1033 1489 1181 1524 civitates

42 1549 131 1591 istas,
156 1559 189 1583 et
211 1550 376 1584 habitavit
396 1551 433 1584 in
458 1550 617 1584 omnibus
642 1549 830 1584 civitatibus
854 1550 1182 1586 Am01·rhaeorum.“

43 1611 110 1645 Hic
123 1611 237 1652 Israel,
261 1612 320 1657 qui
333 1613 369 1646 in
385 1612 519 1646 Christo
533 1613 634 1647 Israel
654 1621 712 1652 est,
736 1612 795 1658 qui
810 1625 883 1645 non
898 1611 934 1645 in
952 1626 1053 1646 carne
1069 1613 1182 1654 Israel,

42 1672 154 1706 necin
168 1672 346 1708 manifesto
360 1675 511 1709 Judaeus
525 1684 582 1715 est,
594 1674 668 1720 ipse
679 1673 856 1707 habitatin
870 1674 1029 1708 omnibus
1042 1674 1184 1708 civitati-

42 1735 106 1767 bus
117 1735 420 1776 Amorrhaeorum,
432 1749 507 1770 cum
516 1736 553 1770 in
564 1735 752 1770 omniorbe
763 1745 931 1769 terrarum
941 1735 1065 1770 Christi
1074 1737 1182 1769 eccle-

44 1795 113 1829 siae
128 1800 370 1841 propbgantur.
402 1797 472 1831 Sed
490 1807 522 1831 et
535 1797 767 1842 unusquisque
778 1806 936 1830 nostrum
956 1798 1049 1842 prius
1067 1797 1181 1831 civitas

44 1857 109 1890 fuit
123 1857 208 1899 regis
222 1859 327 1900 Seou,
348 1858 432 1902 regis
449 1860 543 1893 elati:
566 1860 729 1901 regnabat
743 1859 834 1892 enim
848 1858 884 1891 in
907 1858 1010 1891 nobis
1033 1860 1180 1899 stultitia,

44 1919 214 1964 superbia,
233 1919 398 1965 impietas,
413 1929 446 1953 et
462 1920 586 1961 omnia,
604 1933 691 1965 quae
703 1929 780 1954 sunt
793 1933 831 1953 ex
843 1927 939 1964 parte
951 1919 1097 1953 diaboli:
1119 1921 1179 1953 sed

43 1980 104 2014 ubi
128 1991 334 2026 expugnatus
359 1991 391 2015 et
415 1981 563 2016 devictus
588 1990 635 2016 est
658 1978 771 2022 fortis,
801 1989 833 2014 et
854 1993 930 2014 vasa
954 1979 1023 2026 ejus
1046 1981 1178 2026 direpta

138 2069 174 2113 ¹)
197 2070 322 2115 Ephes.
347 2071 404 2112 VI,
429 2072 481 2106 17.
575 2071 612 2115 ²)
637 2072 738 2104 Num.
764 2069 858 2111 XXI‚
881 2068 934 2104 24.

137 2124 175 2169 3)
192 2126 303 2160 Num.
328 2128 424 2168 xxi,
448 2129 501 2162 24.

136 2179 173 2223 ¹²)
199 2182 286 2216 Cod.
309 2184 415 2216 sancti
439 2184 664 2218 Theoderici:
691 2182 855 2226 „regionis
881 2183 1007 2232 §eonf‘
1033 2180 1073 2214 R.

135 2237 172 2280 ⁵)
198 2237 266 2270 Cfr.
293 2238 414 2273 Genes.
439 2240 585 2272 XXXII.
681 2239 717 2281 6)
741 2239 843 2270 Num.
869 2237 964 2274 xxi,
987 2238 1040 2271 25.
