1427 2460
233 93 302 129 284
713 95 888 130 Ommzms

235 185 397 225 efficitur,
430 198 508 217 cum
544 183 756 230 abjecerst')
787 195 932 219 veterem
963 185 1156 227 hominem,
1189 196 1220 220 et
1248 186 1366 222 induta

232 247 332 281 fuerit
363 260 512 287 novum,
556 247 614 291 qui
644 249 831 281 secundum
865 247 978 281 Deum
1011 257 1142 282 creatus
1174 258 1240 283 cst:
1270 259 1369 294 atque

233 311 279 344 ita
312 308 434 342 merito
469 307 698 342 innovationis
730 310 996 351 solemnitatem,
1035 324 1122 355 quae
1152 320 1200 345 est
1228 324 1370 344 neome-

232 371 309 405 niae
339 369 513 411 festivitas,
547 381 647 412 geret.
695 370 794 404 Tunc
827 372 975 416 denique
993 381 1057 414 est,
1091 373 1229 418 quando
1256 386 1368 417 neque

233 434 358 474 videri,
394 445 507 478 neque
539 432 786 477 comprehendi
816 433 972 466 humanis
1002 434 1216 479 adspectibus
1247 443 1366 479 potest.

235 495 359 528 Anima
385 495 474 528 enim
499 508 576 528 cum
600 504 671 528 tota
696 507 731 528 se
754 494 930 528 sociaverit
952 495 1120 537 Domino,
1145 505 1177 529 et
1191 496 1366 541 splendori

233 558 317 591 lucis
341 556 411 603 ejus
435 566 508 590 tota
532 556 744 596 concesserit,
766 556 921 601 nihilque
945 557 1088 590 omnino
1112 567 1286 592 terrenum
1310 571 1369 591 co-

233 619 329 661 gitat,
360 619 445 652 nihil
477 619 692 652 mundanum
723 618 882 663 requirit,
913 631 976 652 nec
1008 619 1204 654 hominibus
1233 620 1370 664 placere

232 682 361 715 studet:
387 682 446 715 sed
470 690 579 715 totam
603 693 638 713 se
662 680 861 725 sapientiae,
884 689 992 714 totam
1015 680 1156 725 lumini3
1180 690 1287 715 totam
1313 695 1368 716 ca-

233 743 301 777 lori
342 743 449 777 sancti
483 743 627 810 Spiritus
666 742 924 787 mancipaverit,
965 743 1096 776 subtilis
1131 751 1163 776 et
1190 742 1371 789 spiritualis

233 807 374 846 effecta,
406 806 585 850 quomodo
611 805 704 838 cerni
729 805 772 838 ab
802 803 1016 845 hominibus,
1048 813 1106 838 aut
1138 805 1181 838 ab
1212 805 1370 838 humanis

232 877 344 912 potest
368 867 607 913 conspectibus
632 865 866 912 apprehendi?
915 867 1078 901 Animalis
1095 879 1245 911 namque
1261 866 1367 899 homo

231 929 416 973 intelligere
440 939 472 963 et
496 929 687 963 discernere
711 942 783 962 non
807 938 919 973 potest
946 929 1166 974 spirituaiem.
1212 928 1257 961 Et
1288 929 1367 962 ideo

232 992 423 1033 dignissime
448 992 538 1026 diem
562 993 684 1025 festum
706 1000 797 1033 aget,
830 999 862 1023 et
891 990 1035 1024 hostiam
1064 990 1268 1024 neomeniae
1291 991 1368 1024 Do-

231 1053 338 1094 mino,
361 1063 482 1099 utpote
506 1067 568 1098 per
591 1053 703 1098 ipsum
727 1052 986 1096 innovatam‚²)
1010 1051 1184 1098 jugulabit.

321 1115 353 1150 6.
402 1115 536 1159 Quarto
560 1115 596 1148 in
622 1117 701 1149 loco
725 1114 867 1160 ponitur
889 1114 978 1147 inter
1000 1114 1191 1148 festivitates
1215 1114 1282 1148 Dei
1301 1113 1366 1146 Pa-

232 1177 333 1211 schae
355 1177 566 1216 solemnitas,
599 1179 635 1211 in
659 1190 725 1222 qua
748 1175 923 1209 festivitate
946 1188 1050 1217 agnus
1074 1175 1250 1210 occiditur.
1298 1177 1368 1211 Sed

231 1239 306 1273 vide
328 1248 365 1272 tu
389 1252 513 1282 agnum
533 1252 661 1279 verum,
687 1251 811 1281 agnum
832 1238 910 1279 Dei,
936 1250 1070 1280 agnum,
1094 1238 1153 1283 qui
1175 1238 1265 1292 toilit
1286 1251 1367 1283 pec-

232 1310 303 1335 cata
315 1301 351 1345 ³)
376 1301 513 1341 mundi,
538 1310 570 1334 et
594 1300 717 1341 dicito,
742 1299 820 1345 quia
845 1300 968 1344 pascha
992 1309 1148 1334 nostrum
1173 1299 1367 1334 immolatus

233 1373 282 1397 est
306 1363 467 1398 Christus.
513 1362 637 1396 Judaei
663 1361 791 1396 carnali
813 1375 911 1395 sensu
938 1364 1119 1397 comedant
1144 1375 1260 1396 carnes
1280 1362 1367 1404 agni,

230 1439 294 1459 nos
325 1435 437 1458 autem
468 1425 691 1458 comedamus
727 1436 862 1457 carnem
896 1423 1003 1456 Verbi
1032 1423 1107 1458 Dei.
1168 1424 1242 1469 Ipse
1275 1424 1366 1457 enim

231 1487 329 1521 dixit:
362 1487 445 1528 „nisi
458 1486 495 1531 ⁴²)
519 1485 734 1520 comederitis
760 1499 876 1519 carnes
899 1499 1008 1526 meas,
1031 1499 1105 1519 non
1130 1485 1297 1519 habebitis
1321 1486 1368 1519 vi-

230 1560 299 1582 tam
323 1548 359 1581 in
383 1548 479 1582 vobis
504 1548 616 1593 ipsis.“
661 1548 740 1581 Hoc
772 1549 867 1593 quod
892 1549 999 1581 modo
1025 1547 1221 1591 loquimur,
1252 1561 1368 1582 carnes

229 1621 308 1645 sunt
330 1611 436 1644 Verbi
461 1611 548 1650 Dei,
578 1610 605 1643 si
629 1620 742 1643 tamen
765 1623 837 1642 non
868 1609 961 1654 quasi
991 1608 1135 1643 infirmis
1167 1608 1276 1651 olera,
1309 1620 1368 1643 aut

231 1673 326 1718 quasi
357 1672 470 1718 pueris
503 1671 597 1705 lactis
628 1672 825 1705 alimoniam
864 1672 1090 1716 proferamus.
1145 1670 1182 1705 Si
1218 1660 1367 1716 perfecta

229 1736 415 1780 loquimur,
438 1734 465 1767 si
488 1734 647 1773 robusta,
671 1734 697 1767 si
720 1733 884 1774 fortiora,
909 1746 1027 1766 carnes
1051 1732 1147 1766 vobis
1171 1733 1275 1767 Verbi
1299 1733 1366 1768 Dei

229 1796 435 1841 apponimus
460 1795 698 1828 comedendas.
744 1794 815 1828 Ubi
839 1796 929 1828 enim
957 1794 1115 1841 mysticus
1145 1808 1274 1838 sermo,
1305 1795 1365 1828 ubi

230 1858 442 1900 dogmaticus
467 1866 510 1890 et·
521 1856 674 1890 trinitatis
699 1858 765 1890 fide
790 1858 936 1902 repletus
961 1858 1134 1902 profertur
1158 1870 1197 1890 ac
1227 1856 1366 1898 solidus,

230 1921 289 1953 ubi
321 1920 424 1953 futuri
457 1919 582 1952 saeculi
607 1928 724 1952 amoto
750 1919 917 1952 velamine
940 1918 1057 1952 literae
1080 1918 1161 1961 legis
1184 1917 1365 1963 spiritualis

230 1991 437 2016 sacramenta
461 1982 678 2026 panduntur,
711 1980 771 2013 ubi
801 1993 876 2025 spes
909 1979 1042 2014 animae
1065 1981 1177 2014 avulsa
1202 1981 1246 2013 de
1267 1979 1366 2013 terris

326 2110 361 2152 ¹)
386 2110 510 2154 Ephes.
534 2111 592 2151 IV,
614 2111 669 2146 22.
692 2111 746 2145 24.

323 2165 360 2207 ²)
383 2166 449 2199 Ed.
472 2166 580 2199 Ruaei
606 2167 697 2199 sola:
721 2167 893 2200 innovata.

322 2221 360 2265 ³)
384 2221 473 2255 Edd.
498 2221 656 2254 Merlini:
679 2231 867 2267 peccatum.

325 2277 362 2321 ⁴)
387 2277 457 2311 Cfr.
484 2278 685 2313 cv.·Joann.
710 2278 767 2320 VJ,
790 2279 844 2313 53.
869 2278 923 2312 54.
