1427 2460
333 109 370 131 m
395 98 573 130 Nummos
598 96 758 130 HommA
779 96 889 129 XXV.
1113 97 1182 132 309

45 187 327 234 cupiscentiarurn
345 188 541 228 carnalium,
568 196 653 232 quae
671 186 817 219 militant
836 188 994 220 adversus
1018 186 1178 227 animam,

43 250 287 284 describuntur.
333 249 493 293 Denique
517 248 570 289 hi,
593 248 651 293 qui
676 250 709 281 in
734 248 817 281 vitiis
842 256 1002 290 regnant,
1027 246 1179 292 quinque

44 326 135 354 reges
151 324 220 345 esse
239 310 415 344 dicuntur:
439 319 478 342 ut
492 309 737 343 evidentissime
761 311 956 349 doceamur,
981 309 1060 354 quia
1075 323 1178 343 omne

42 373 169 414 vitium,
196 372 291 417 quod
314 381 429 413 regnat
452 372 487 404 in
504 384 660 415 corpore,
689 385 725 403 ex
740 371 890 416 quinque
915 371 1066 404 sensibus
1090 384 1176 416 pen—

42 436 106 468 det.
152 434 208 467 Isti
233 446 312 476 ergo
337 433 490 478 quinque
520 446 634 466 sensus
665 432 858 477 perimendi
890 442 967 465 sunt
993 433 1036 465 de
1068 445 1173 474 regno

39 496 325 534 Madianitarum,
357 503 396 527 ut
419 495 506 528 ultra
534 495 610 528 vitia
635 507 708 526 non
732 502 872 535 regnent
893 507 995 538 super
1020 507 1094 534 eos,
1116 496 1176 528 sed

39 557 181 603 justitia,
219 570 264 590 ne
287 557 330 590 ad
361 557 559 589 scandalum
583 555 736 594 videant,
773 568 860 599 quae
883 555 1014 596 vident,
1047 557 1106 589 sed
1131 557 1174 589 ad

40 618 321 652 aedificationem.
383 619 484 663 Apud
521 616 726 650 Madianitas
761 617 849 649 enim
890 629 1003 650 sensus
1041 617 1095 650 isti
1130 620 1174 651 ad

37 681 334 714 scandalizandum
360 680 563 721 regnabant,
598 688 635 711 ut
665 677 948 717 scandalizarent,
981 687 1014 711 et
1038 679 1175 723 decipe-

37 751 123 776 rent.
165 742 213 774 Et
236 742 315 775 ideo
339 739 513 786 praecepit
530 740 564 784 ¹)
587 740 770 781 Dominus,
794 749 841 780 ut,
864 739 891 773 si
915 748 947 771 to
969 740 1173 772 scandaliza-

37 803 120 836 verit
138 804 256 837 oculus
279 812 367 842 tuus,
393 814 488 835 eruas
509 815 604 834 eum:
628 802 655 834 si
680 814 799 834 manus
825 810 881 833 aut
903 813 972 845 pes,
996 800 1172 834 abscindas

41 878 128 898 cum.
176 865 279 897 Vides
305 877 394 906 ergo,
420 863 498 906 quia
524 872 556 895 et
579 863 650 907 ipsc
673 862 766 908 jubet
791 862 966 902 abscindi,
992 871 1023 894 ct
1049 862 1171 906 perimi

37 939 128 968 reges
153 924 462 959 scandalizantium.
510 924 634 957 Melius
660 932 724 963 est,
754 923 882 969 inquit,
906 934 938 956 te
963 924 1094 957 luscum
1119 925 1171 957 in-

34 988 140 1021 troire
162 988 199 1020 in
223 1000 364 1029 regnum
388 986 473 1025 Dei,
502 995 534 1019 et
566 999 744 1026 mancum,
776 995 831 1018 aut
856 986 1036 1025 claudum,
1068 999 1169 1030 quam

34 1062 112 1082 cum
136 1049 175 1083 iis
199 1048 287 1082 mitti
311 1049 345 1081 in
371 1048 570 1090 gehennam.
618 1048 655 1080 In
682 1049 804 1092 quibus
827 1060 898 1080 non
934 1046 1051 1091 utique
1085 1049 1171 1080 csso-

36 1111 200 1144 diendum
233 1109 398 1154 praecipit
422 1110 560 1143 oculum
587 1109 742 1153 corporis
765 1109 890 1147 nostri,
922 1121 983 1140 nec
1017 1122 1169 1149 manum,

35 1182 92 1204 aut
115 1171 237 1215 pedem
268 1172 553 1204 abscindendum:
583 1171 641 1204 sed
672 1183 806 1203 sensum
840 1169 986 1202 carnalia
1019 1169 1166 1203 sentien-

34 1243 120 1271 tem,
158 1243 189 1265 et
220 1232 501 1277 concupiscentiis
542 1233 731 1265 carnalibus
769 1231 995 1264 lascivientem
1032 1232 1169 1264 mandat

38 1294 206 1328 abscindi:
246 1303 285 1327 ut
310 1293 401 1326 oculi
425 1293 531 1326 nostri
559 1302 647 1326 recta
671 1292 826 1332 videant,
859 1302 890 1324 et
914 1306 1009 1325 aures
1034 1302 1169 1325 nostrae

36 1366 124 1390 recta
150 1355 305 1395 audiant,
344 1364 377 1387 ct.
400 1364 512 1397 gustus
542 1364 657 1387 noster
681 1355 821 1387 verbum
846 1354 911 1386 Dei
936 1364 1058 1395 gustet,
1096 1369 1168 1387 ma-

37 1430 167 1462 nusque
189 1425 326 1449 nostrae
351 1417 503 1462 palpent,
529 1427 560 1449 et
585 1415 781 1458 contingant
806 1417 848 1448 de
863 1416 979 1448 Verbo
1008 1416 1083 1449 Dei.
1124 1416 1165 1449 Et

34 1481 99 1512 lioc
125 1488 187 1518 est,
211 1479 246 1512 in
272 1491 341 1523 quo
365 1479 526 1523 peremtis
552 1477 686 1520 regibus
710 1472 994 1516 Madiaxiitarum,
1018 1488 1050 1510 ct
1072 1492 1167 1511 scan-

35 1540 103 1574 dali
129 1541 306 1574 affectibus
330 1539 521 1584 amputatis,
545 1549 661 1582 regnat
683 1538 716 1572 in
736 1538 838 1571 nobis
860 1538 982 1584 justitia
1008 1539 1080 1584 ipse
1092 1540 1166 1572 Do-

3 1647 6 1649 Β
35 1603 147 1636 minus
171 1612 288 1636 noster
310 1602 408 1635 Jcsus
433 1600 603 1640 Christus,
634 1600 692 1645 qui
715 1601 821 1633 factus
846 1609 893 1633 est
918 1601 1016 1634 nobis
1043 1600 1166 1645 justitia

33 1678 50 1697 a
75 1665 172 1703 Deo,
206 1672 237 1695 et
259 1676 342 1707 pax,
379 1672 409 1696 et
439 1662 614 1695 redemtio.
674 1661 779 1703 Igitur
815 1674 853 1694 ex
887 1671 1068 1707 praecepto
1094 1663 1168 1695 Do—

7 1728 10 1733 '
36 1725 119 1758 mini
150 1738 168 1757 a
199 1724 275 1758 filiis
305 1724 407 1757 Israel
439 1724 615 1756 adversum
649 1722 853 1756 Madianitas
892 1723 981 1755 bella
1015 1725 1169 1756 confecta

15 1787 129 1827 sunt,
159 1786 268 1832 spolia
294 1799 330 1819 ex
363 1785 441 1829 ipsis
473 1785 613 1830 copiosa
644 1787 854 1826 referuntur,
886 1787 959 1820 auri
990 1795 1090 1831 atque
1114 1799 1167 1819 ar-

34 1848 133 1892 genti,
158 1857 416 1891 cetercrumque
431 1847 612 1880 mobilium
639 1849 774 1891 pondus
796 1848 1011 1887 immensum,
1034 1847 1168 1893 jumen—

33 1921 166 1950 torum,
196 1909 478 1954 captivorumque
509 1922 671 1942 numerus
703 1909 879 1953 plurimus.
926 1909 1054 1941 Verum
1078 1921 1165 1953 quo-

33 1973 123 2005 niam
165 1980 285 2005 cuncta
321 1972 403 2004 haec
443 1972 534 2015 apud
570 1971 733 2004 Israelitas
771 1971 948 2004 immunda
983 1972 1165 2009 ducuntur,

34 2033 225 2078 purificatio
250 2032 385 2074 singulis
411 2032 601 2077 quibusque
625 2042 820 2077 competens
845 2032 1041 2065 adhibetur:
1072 2041 1104 2064 et
1127 2044 1167 2064 ea

15 2095 189 2140 ,quidem,
219 2106 306 2139 quae
331 2107 367 2126 ex
394 2093 535 2126 metallis
561 2102 732 2133 constant,
757 2093 841 2135 ignis
865 2093 1041 2139 purificat:
1076 2106 1163 2136 quae

131 2271 165 2314 Ι)
188 2270 310 2305 maath.
336 2271 375 2311 V,
398 2271 451 2306 29.
474 2271 528 2305 30.
