1427 2460
372 62 409 85 m
432 26 612 85 Numaos
636 48 798 82 ΗοΜηιΑ
818 48 912 82 XVl.
1135 49 1199 84 181

76 143 111 176 in
137 157 174 176 os
199 155 331 182 meum,
363 141 444 173 haec
470 138 657 172 observabo
683 137 833 183 loqui?“
889 138 944 170 Ad
970 138 1051 170 haec
1079 137 1211 170 Balach

76 214 214 249 putans,
246 202 323 247 quia
355 200 551 246 perterritus
584 208 667 232 esset
703 199 842 234 Balaam
876 199 998 244 populi
1037 198 1211 233 Israelitici

73 264 312 303 multitudine,
356 271 387 295 et
410 261 539 294 idcirco
565 270 636 294 non
665 261 782 294 suisset
806 274 904 293 ausus
927 261 1083 305 proferre
1106 261 1211 293 male-

76 328 182 366 dicta,
218 323 439 358 mutationem
471 322 535 356 sibi
567 322 636 355 loci
668 322 813 356 credidit
837 323 1074 367 profuturam,
1111 331 1145 355 et·
1166 322 1212 354 ait

76 389 120 422 ad
153 398 250 420 e‘um:
298 385 451 429 ,‚veni¹)
482 385 594 418 adhuc
624 397 759 417 mecum
791 383 826 416 in
866 384 981 416 locum
1008 383 1132 423 alium,
1168 384 1211 416 de

74 462 144 494 quo
167 457 276 481 totum
300 460 373 480 non
397 445 630 488 videasseum,
657 446 714 478 sed
738 455 867 490 partem
892 445 1040 490 aliquam
1066 443 1137 490 ejus
1160 444 1208 477 vi—

74 510 169 549 deas,
202 521 320 542 omnes
354 516 466 540 autem
496 520 568 540 non
604 506 736 547 videas,
785 516 818 540 et
845 506 992 540 maledic
1021 504 1105 538 mihi
1131 518 1209 538 eum

73 571 186 604 inde.“
237 570 389 603 Demens
422 568 480 613 qui
503 567 722 602 Israeliticam
758 567 895 610 gratiam
921 566 988 600 loci
1013 566 1208 612 objectione

74 633 227 665 crederet
258 644 359 676 posse
391 630 513 671 celari,
549 639 580 662 et
614 630 671 674 qui
695 629 856 669 nesciret,
893 628 971 673 quia
1002 642 1073 661 non
1098 637 1211 673 potest

73 692 287 738 abscondi2)
313 691 425 725 civitas
447 703 550 735 super
571 699 723 723 montem
749 690 873 735 posita.
929 689 996 730 „Et
1010 690 1047 734 ³)
1074 691 1208 723 adsum-

71 755 123 794 sit,
146 754 267 799 inquit,
292 766 369 786 eum
393 753 428 785 in
450 752 624 797 speculam
640 751 710 793 agri
731 751 765 784 in
792 751 950 784 verticem
967 752 1093 784 montis
1111 751 1207 791 caesi,

73 826 104 848 et
135 814 318 848 construxit
350 813 398 847 ibi
430 823 557 858 septem
591 825 679 852 aras,
718 821 750 845 et
782 812 945 858 imposuit
976 812 1138 853 vitulum,
1173 823 1206 846 et

71 876 208 909 arietem
231 889 334 920 super
357 888 466 914 aram,
501 884 534 907 et
558 873 641 907 dixit
663 874 804 907 Balaam
839 876 882 907 ad
906 874 1052 907 Balach:
1085 875 1205 909 adsiste

71 938 112 971 ad
137 936 339 971 sacrificium
364 946 480 977 tuum,
505 948 565 977 ego
592 949 673 969 vero
695 949 832 981 pergam
857 936 1054 981 percontari
1067 935 1103 980 4)
1132 936 1203 969 De-

70 1013 139 1032 um.
186 999 232 1032 Et
257 998 405 1032 occurrit
429 997 524 1030 Deus
547 997 611 1041 ipsi
635 996 786 1038 Balaam,
812 1007 843 1030 et
865 996 980 1042 injecit
1004 998 1143 1029 verbum
1169 997 1207 1030 in¹

72 1075 109 1093 os
135 1059 216 1106 ejus,
243 1069 274 1093 et
298 1060 411 1099 dixit‚“
442 1059 514 1091 sine.
541 1059 647 1091 dubio
674 1058 788 1092 Deus:
828 1068 1047 1099 „convertere
1070 1059 1113 1091 ad
1137 1061 1203 1092 Ba-

70 1121 164 1161 lach,
202 1130 234 1153 et
267 1121 349 1153 haec
379 1119 540 1164 loqueris.
597 1120 641 1151 At
665 1119 744 1152 ille“
779 1139 819 1145 -
845 1120 914 1152 hoc
939 1129 986 1153 est
1008 1119 1136 1153 Balach
1160 1140 1202 1145 —-

71 1183 200 1223 „stabat
223 1180 312 1227 juxta
330 1183 622 1214 holocaustomata
648 1194 718 1220 sua,
745 1190 776 1213 et
800 1194 918 1215 omnes
942 1181 1108 1226 principes
1123 1181 1202 1214 Mo-

71 1245 113 1276 ab
139 1257 215 1276 cum
242 1243 312 1275 illo.
372 1243 415 1275 Et
439 1242 520 1275 dixit
545 1242 574 1274 ei
598 1242 748 1275 Balach:
790 1241 872 1287 quid
896 1242 1029 1275 locutus
1055 1252 1102 1275 est
1125 1242 1201 1275 Do-

69 1304 232 1337 minus?“
278 1304 346 1336 Res
384 1303 521 1348 quidem
563 1302 717 1347 profanis
755 1303 926 1336 sacrificiis
957 1304 1201 1346 gerebatur,⁵)

69 1377 102 1400 et
126 1365 286 1399 divinatio
311 1364 439 1406 magica
466 1373 537 1397 arte
561 1363 813 1408 requirebatur:
840 1364 957 1397 volens
980 1373 1093 1397 tamen
1107 1364 1200 1397 Deus

69 1427 116 1460 ibi
148 1427 324 1460 abundare
337 1425 373 1469 ⁶)
404 1425 563 1468 gratiam,
602 1425 661 1458 ubi
692 1426 980 1470 superabundavit
1012 1435 1200 1470 peccatum,

70 1491 183 1522 adesse
209 1489 380 1529 dignatur,
409 1500 472 1520 nec
505 1487 627 1529 refugit
651 1488 693 1520 ab
718 1487 775 1527 iis,
806 1500 892 1532 quae
915 1498 987 1520 non
1010 1488 1197 1521 secundum

68 1549 282 1584 Israeliticam
316 1548 548 1593 disciplinam,
585 1549 643 1581 sed
678 1549 866 1582 secundum
893 1547 1080 1582 Gentilium
1105 1561 1197 1591 gere-

68 1602 378 1647 bantur-errorem.
428 1610 529 1642 Adest
553 1619 663 1643 autem
690 1624 762 1644 non
784 1610 972 1651 sacrificiis,
995 1611 1052 1644 sed
1078 1610 1112 1642 in
1140 1623 1198 1643 oc-

70 1685 204 1706 cursum
229 1671 392 1710 venienti‚
418 1679 450 1703 et
472 1670 521 1703 ibi
546 1671 603 1703 dat
626 1673 766 1705 verbum
790 1686 906 1713 suum,
929 1682 1029 1717 atque
1053 1671 1101 1704 ibi
1125 1684 1198 1717 my-

68 1732 166 1767 steria
192 1734 306 1765 futura
329 1731 560 1776 praenuntiat,
591 1732 650 1765 ubi
680 1734 824 1767 maxime
853 1735 936 1767 fides
964 1742 995 1766 et
1018 1732 1201 1766 admiration

71 1793 259 1827 Gentilium
283 1794 427 1837 pendet,
451 1802 488 1825 ut
511 1793 569 1837 qui
593 1795 715 1828 nostris
740 1796 863 1828 nolunt
888 1797 1025 1829 credere
1047 1794 1197 1840 prophe-

69 1856 127 1895 tis,
151 1856 290 1888 credant
314 1854 434 1888 divinis
459 1864 491 1887 et
515 1855 643 1888 vatibus
668 1856 744 1890 suis.

162 1956 198 1999 ¹)
220 1956 323 1989 Num.
350 1957 478 1997 XXlll,
502 1957 553 1992 13.
650 1958 687 2001 3)
713 1957 783 1992 Cfr.
808 1958 932 1991 Matth.
960 1958 1000 1995 V,
1025 1957 1078 1990 14,

159 2013 197 2056 ³)
221 2013 322 2045 Num.
351 2013 478 2054 XXIII,
504 2015 662 2050 14—17.

159 2068 196 2113 4)
220 2066 309 2102 Edd.
335 2069 488 2102 Merlini:
513 2070 737 2114 percunctari.

161 2124 196 2167 ⁵)
221 2123 309 2157 Cod.
336 2124 568 2171 Corbejensis:
617 2126 787 2168 „gei-itur,
820 2138 849 2159 et
883 2125 1043 2159 divinatio
1069 2126 1199 2168 magica

69 2178 138 2203 arte
164 2169 381 2213 perquiritur.
408 2171 448 2204 R.

160 2225 197 2268 ε)
222 2224 292 2259 cfr.
322 2224 423 2259 Rom.
451 2227 490 2266 v,
514 2228 567 2262 20.
