1427 2460
236 118 305 152 262
726 116 905 150 Omessms

235 207 407 253 ‚‚quam¹)
432 207 532 252 pauci
556 216 651 246 sunt,
684 205 742 251 qui
766 204 981 239 salvantur!“
1014 205 1061 239 Et
1085 205 1208 240 iterum
1234 207 1270 240 in
1296 207 1383 242 aliis:

235 269 368 313 ,‚ubi²)
401 268 648 314 multiplicatur
671 267 850 313 iniquitas,
883 267 1078 310 refrigescet
1111 267 1230 302 caritas
1253 270 1382 303 multo—

236 334 361 370 rum,“
391 342 461 362 non
499 343 704 376 paucorum.
761 330 830 363 Sed
863 339 894 362 et
935 328 970 362 in
1004 342 1100 370 arca,
1137 342 1225 374 quae
1257 344 1276 364 a
1307 331 1385 365 Noe

237 400 433 425 constructa
458 392 567 436 est,³)
591 391 651 425 ubi
675 404 856 425 mensurae
887 391 1027 426 coelitus
1059 393 1203 432 dantur,
1231 391 1267 425 in
1298 392 1386 425 infe—

236 453 386 487 rioribus
422 463 654 487 trecentorum
691 453 888 486 cubitorum
935 453 1076 498 ponitur
1117 452 1316 496 longitude,
1353 464 1386 488 et

240 515 484 561 quinquaginta
510 515 706 549 cubitorum
720 514 757 558 4)
780 514 935 548 latitudo.
981 514 1053 548 Ubi
1077 528 1158 548 vero
1183 524 1289 549 textus
1312 514 1385 562 ejus

236 579 280 611 ad
314 577 434 610 altiora
461 578 650 620 consurgit,
683 577 719 610 in
743 585 922 619 angustum
956 576 1105 618 cogitur,
1129 585 1163 610 et
1192 589 1384 621 paucorum

237 638 433 673 cubitorum
461 639 685 673 conclusione
709 637 898 681 colligitur,
928 637 972 671 ita
997 647 1035 670 ut
1057 638 1231 672 summitas
1255 638 1326 685 ejus
1349 638 1386 672 in

237 700 336 734 unius
368 701 474 734 cubiti
506 701 652 746 spatium
686 708 959 733 consummetur:
992 708 1244 745 proptereaque
1272 700 1308 734 in
1331 700 1405 735 in-.

236 761 419 796 ferioribus
444 763 599 807 quidem,
631 762 691 795 ubi
722 763 789 795 lata
824 771 857 795 et
887 761 1034 805 spatiosa
1057 761 1274 795 habebantur
1296 764 1385 805 loca,

238 824 290 856 vel
315 822 458 864 bestiae,
490 826 540 858 vel
566 825 715 870 pecudes
740 821 836 857 e'rant
860 824 1068 863 collocatae,
1090 823 1126 856 in
1151 823 1385 869 superioribus

237 897 316 918 vero
347 899 441 919 aves:
475 886 509 919 in
542 887 683 920 summis
708 895 820 919 autem
847 898 933 930 quae
957 883 1168 927 angustiora,
1200 895 1233 919 et
1263 885 1384 920 altiora

237 957 349 987 erant,
380 947 428 981 ibi
460 949 565 981 homo
599 948 774 982 rationalis
806 948 1003 980 collocatur.
1050 946 1126 991 Ipse
1157 959 1237 980 vero
1273 957 1383 981 vertex

236 1008 271 1041 in
304 1023 412 1042 unum
446 1010 600 1043 cubitum
630 1009 808 1051 colligitur.
858 1009 986 1043 Omnia
1012 1009 1103 1042 enim
1129 1010 1172 1042 ad
1196 1009 1382 1042 monadem

236 1071 446 1112 rediguntur.
484 1071 583 1115 Quae
605 1082 717 1105 tamen
742 1070 897 1104 trinitatis
912 1079 1161 1103 sacramentum
1181 1069 1217 1103 in
1236 1083 1382 1104 numero

235 1141 464 1166 trecentorum
480 1134 675 1166 cubitorum
700 1133 860 1174 designat,
885 1141 916 1164 et
938 1132 1016 1165 huic
1035 1141 1249 1165 sacramento
1266 1131 1382 1177 proxi-
1426 1157 1427 1160 η

236 1207 311 1228 mus
336 1195 479 1240 ponitur
504 1196 611 1228 homo
637 1204 758 1240 utpote
778 1193 963 1233 rationalis,
989 1193 1149 1238 et⁵)Dei
1166 1207 1277 1239 capax.
1314 1188 1395 1229 Sed¹
1426 1198 1427 1236 ]

235 1256 346 1296 unde,
379 1270 466 1301 quae
497 1256 538 1290 sit
570 1256 762 1290 differentia
787 1255 875 1288 inter
898 1268 1029 1301 paucos
1053 1265 1085 1289 et
1108 1255 1254 1296 multos,
1285 1256 1383 1290 colli-

237 1330 352 1360 gamus
378 1318 527 1352 indicia?
574 1318 672 1352 Pone
704 1331 842 1352 omnem
868 1317 1010 1351 humani
1035 1318 1164 1361 generis
1187 1331 1381 1359 numerum,

237 1390 274 1411 ex
307 1379 468 1414 universis
498 1381 652 1421 gentibus
685 1380 769 1423 elige
800 1381 933 1420 fideles,
968 1380 1040 1414 sine
1070 1380 1178 1413 dubio
1202 1380 1384 1424 pauciores

236 1450 352 1481 erunt,
384 1455 486 1487 quam
518 1453 597 1475 sunt
626 1442 782 1476 universi.
842 1444 947 1477 Tunc
986 1440 1111 1475 deinde
1152 1454 1190 1474 ex
1228 1441 1380 1475 fidelium

237 1516 382 1536 numero
408 1504 493 1545 elige
516 1504 685 1538 meliores.
735 1504 875 1537 Certum
901 1512 959 1545 est,
983 1505 1078 1549 quod
1101 1504 1212 1536 multo
1236 1502 1381 1537 inferior

234 1577 396 1599 numerus
428 1566 627 1599 remanebit.
682 1566 726 1599 Et
756 1566 879 1599 iterum
915 1579 952 1599 ex
984 1565 1081 1611 ipsis,
1115 1579 1201 1610 quos
1232 1565 1379 1608 elegeris,

236 1626 320 1669 elige
345 1640 479 1661 rursum
503 1627 734 1673 perfectiores,
758 1627 936 1672 pauciores
960 1629 1117 1672 profecto
1144 1627 1300 1673 reperies.
1335 1628 1380 1661 Et

234 1697 363 1732 quanto
389 1690 533 1735 amplius
557 1690 712 1733 eligendo
738 1689 957 1734 processeris,
989 1698 1085 1722 tanto
1111 1690 1214 1733 magis
1244 1690 1379 1732 exiguos

236 1758 268 1782 et
292 1750 471 1794 pauciores
494 1751 661 1791 invenies,
692 1765 799 1797 usque
824 1765 892 1796 quo
918 1751 1039 1784 ultimo
1066 1751 1178 1785 venias
1202 1752 1247 1784 ad
1271 1765 1377 1784 unum

234 1810 401 1855 aliquem,
428 1813 491 1860 ,qui
526 1814 739 1847 confidenter
771 1813 878 1852 dicat,
909 1813 988 1857 quia
1020 1813 1188 1858 „amplius
1201 1814 1238 1857 ⁵)
1274 1826 1376 1857 quam

235 1886 353 1906 omnes
377 1873 425 1907 illi
450 1875 634 1909 laboravi.“
667 1875 713 1908 Hi
735 1887 826 1915 ergo,
851 1874 910 1919 qui
931 1874 998 1907 hoc
1019 1876 1126 1908 modo
1156 1876 1271 1920 plures
1287 1883 1376 1914 sum,

234 1935 308 1977 plus
332 1944 451 1977 terrac,
478 1946 509 1970 et
523 1938 598 1982 plus
621 1949 808 1982 corporeae
829 1936 1045 1970 haereditatis
1062 1936 1250 1981 accipiunt:
1275 1936 1375 1981 pauci

327 2067 362 2111 ¹)
388 2067 457 2102 Cfr.
483 2069 561 2103 Luc.
589 2069 682 2109 XHI,
704 2071 759 2106 23.
789 2071 867 2104 coll.
894 2072 970 2104 edd.
996 2072 1039 2107 N.
1064 2070 1105 2103 T.

325 2123 362 2167 2)
387 2124 507 2158 Matth.
531 2126 660 2166 XXIV,
684 2127 738 2162 12.
877 2127 914 2170 ³)
940 2127 1010 2161 Cfr.
1037 2126 1159 2160 Geues.
1185 2126 1242 2158 VI.

323 2178 360 2222 4)
386 2179 488 2213 Deest
510 2181 750 2221 „cubitorum“
772 2183 808 2216 in
833 2184 910 2217 edd.
937 2183 986 2216 Μ.

326 2235 363 2277 ⁵)
387 2235 476 2270 Edd.
501 2236 655 2269 Merlini:
680 2247 717 2270 ut
741 2238 808 2271 Dei
833 2251 945 2282 capax.

325 2289 362 2331 ⁶)
387 2290 401 2321 I
428 2290 508 2323 Cor.
533 2291 610 2331 XV,
635 2293 687 2325 10.
