1427 2460
383 43 418 67 m
442 32 619 66 Num-,nos
644 31 802 64 ΠοΜιιιΛ
817 31 888 62 XV.
939 77 944 81 ²
1134 32 1199 66 175

77 126 160 159 haee
183 131 388 168 nonspotest
408 121 512 156 scire:
538 140 578 146 —-
610 132 722 164 neque.
751 120 841 153 enim
869 121 1082 164 propositum
1105 135 1200 154 rnen—

76 197 213 231 temque
235 185 369 219 alterius
391 182 506 215 videre
529 182 612 215 alius
636 191 693 214 aut
718 193 919 222 cognoscere
934 191 1045 226 potest
1067 197 1126 216 —z
1150 184 1201 216 id-

78 250 169 283 circo
194 247 323 281 etiamsi
343 244 538 292 judicantis,
567 244 620 276 vel
650 243 849 278 sententiam
873 243 1059 287 promentis
1080 245 1201 278 intuitu

64 305 230 356 'proferat
239 306 467 346 maledictum,
480 298 550 338 non
563 312 672 350 potest
683 318 750 339 esse
763 303 846 348 justa
860 305 1084 339 maledicendi
1095 320 1204 347 causa,

76 372 138 406 ubi
160 371 334 414 ignoratur
355 368 524 413 peccantis
548 369 704 402 affectus:
734 368 878 400 maxime
909 381 985 400 cum
1015 368 1203 402 humanum

76 434 193 468 vitium
217 441 297 465 tunc
319 430 401 463 sciat
422 429 602 463 maledicta
623 430 797 474 proferre,
828 442 906 461 cum
931 430 1019 461 forte
1043 431 1203 471 convitiis,

78 503 135 528 aut
156 492 286 540 injuriis
308 501 523 537 provocatur.
570 492 677 534 Quod
700 490 816 524 vitium
846 503 995 524 resecare
1018 492 1204 535 Apostolus

76 557 203 596 volens,
224 568 269 588 ne
290 554 477 588 maledictis
499 552 695 592 maledicta,
727 562 757 585 et
781 551 931 585 convitiis
956 553 1099 586 convitia
1123 567 1204 598 pro—

77 630 255 657 vocemus,
278 618 476 649 mandatum
499 615 722 648 necessarium
747 612 861 658 ponit,
896 622 932 645 ut
953 615 1204 654 benedicamus,

78 689 111 712 et
139 692 213 712 non
242 678 500 719 maledicamus:
537 689 604 721 quo
640 675 843 709 convitiandi
874 675 989 708 vitium
1030 687 1207 715 resecetur,

76 740 157 785 et¹)
180 753 253 774 non
275 752 344 784 quo
376 738 551 784 judicandi
583 737 718 777 veritas,
746 749 832 781 quae
863 736 1017 770 homines
1050 739 1145 778 latet,
1177 749 1207 771 ct

77 801 322 847 pronuntiandi
343 799 522 833 auctoritas
545 800 739 844 perimatur.
793 798 837 830 Et
864 808 978 832 tamen
1010 800 1092 843 quid
1126 814 1206 834 cau-

76 876 132 896 sae
154 864 205 903 sit,
228 862 324 907 quod
343 875 419 895 non
442 861 621 895 maledicat
639 860 811 894 Dominus
826 860 946 902 Jacob,
970 874 1082 906 neque
1095 863 1208 903 Israel,

79 925 122 958 ab
146 924 220 970 ipso
243 923 465 958 nihilominus
488 924 648 963 Balaam,
678 922 747 955 imo
774 935 791 955 a
816 924 939 962 verbo,
970 925 1065 967 quod
1094 925 1208 969 posuit

78 986 173 1020 Deus
193 986 231 1020 in
254 999 315 1020 ore
339 984 426 1031 ejus,
457 985 645 1028 diligentius
675 983 870 1018 audiamus:
900 986 1134 1029 ‚,qu0niam2)
1167 988 1209 1020 de

77 1048 273 1088 verticibus,
295 1047 422 1091 inquit,
444 1047 612 1080 montium
637 1047 798 1080 intuebor
827 1059 921 1084 eum,
952 1055 984 1079 et
1015 1061 1033 1080 a
1064 1049 1209 1082 collibus

77 1109 262 1152 intelligam
293 1113 403 1144 eum.⁸‘
457 1107 565 1151 Quia,
595 1108 723 1152 inquit,
751 1107 787 1140 in
819 1108 953 1140 excelsis
981 1109 1154 1143 montibus
1179 1120 1209 1144 et

79 1171 153 1204 altis
177 1171 320 1204 collibus
340 1170 470 1215 positus
495 1178 542 1202 est
566 1169 681 1208 israel,
716 1169 783 1201 hoc
807 1177 872 1208 est,
901 1168 936 1200 in
969 1169 1056 1202 edita
1088 1170 1152 1204 vita
1179 1181 1210 1204 et

79 1233 202 1273 ard'ua,
232 1234 274 1266 ad
299 1243 400 1276 quam
426 1232 672 1270 contuendam,
702 1239 735 1262 et
763 1229 1032 1272 intelligendam,
1062 1245 1135 1265 non
1158 1234 1208 1266 fa-

79 1293 142 1327 cile
166 1293 239 1338 quis
261 1293 406 1326 idoneus
428 1292 497 1331 fiat,
519 1291 583 1324 nisi
606 1292 787 1325 adscendat
809 1294 852 1325 ad
874 1291 1077 1325 eminentem
1102 1303 1133 1326 et
1156 1307 1209 1327 ex-

79 1343 202 1389 celsam
227 1353 590 1399 scientiamtridcirco,
613 1353 739 1397 inquit,
770 1366 842 1385 non
863 1352 892 1385 ei
915 1353 1086 1386 maledicit
1107 1355 1210 1404 Deus·

79 1417 139 1450 Est
161 1416 252 1450 enim
275 1410 340 1448 vita
364 1414 434 1461 ejus
464 1416 530 1448 alta
561 1424 592 1448 et
621 1415 808 1459 praecelsa,
837 1428 909 1447 non
933 1415 1069 1449 humilis
1094 1425 1126 1448 et
1151 1417 1210 1449 ‹le—-

78 1477 174 1523 jecta.
223 1477 329 1521 Quod
351 1486 466 1509 tamen
495 1488 566 1508 non
591 1475 674 1509 mihi
696 1476 828 1509 videtur
851 1475 928 1520 quia
952 1477 995 1509 de
1016 1477 1076 1510 illo
1101 1477 1212 1518 Israel,

80 1539 140 1585 qui
162 1540 350 1573 secundum
373 1550 508 1571 carnem
532 1537 634 1570 Israel
659 1546 715 1577 est,
739 1537 873 1570 dixerit:
904 1538 964 1571 sed
989 1539 1031 1571 de
1054 1539 1126 1579 illo,
1151 1553 1211 1572 cu-

81 1601 135 1646 ius
158 1614 259 1646 super
283 1610 406 1633 terram
437 1599 639 1633 ambulantis
670 1599 878 1632 conversatio
909 1599 945 1632 in
979 1600 1128 1644 coelis³)
1154 1611 1209 1634 est.

82 1665 152 1695 Aut
173 1663 200 1695 si
225 1662 323 1695 etiam
349 1662 392 1695 ad
408 1660 504 1694 illum
523 1662 691 1706 populum
706 1660 794 1694 dicta
818 1662 900 1694 haec
924 1662 1100 1694 referenda
1123 1671 1212 1702 sunt,

82 1733 173 1757 recto
197 1735 274 1756 cum
299 1722 514 1757 distinctione
528 1722 624 1756 dicit:
647 1723 894 1765 ‚,intueb0r“⁴)
914 1732 946 1755 et
968 1722 1212 1764 ‚‚intelligam:“

83 1794 121 1818 ut
142 1787 296 1818 futurum
319 1794 450 1829 tempus
480 1783 659 1826 significet,
690 1782 775 1816 illud
805 1783 876 1817 sine
912 1783 1036 1823 (lubin,
1071 1786 1210 1828 quando

86 1847 195 1880 omnis
229 1846 329 1879 Israel
362 1846 405 1879 ad
433 1846 536 1879 fidem
569 1844 691 1878 Christi
719 1845 872 1884 veniens,
901 1845 1101 1884 salvabitur,
1131 1855 1162 1878 et
1192 1859 1211 1878 a

85 1909 257 1942 montibus
283 1917 315 1940 et
336 1921 354 1940 a
379 1907 523 1941 collibus
545 1905 746 1939 intuebitur:
776 1907 818 1938 ab
843 1906 881 1940 iis
904 1906 976 1939 sine
1001 1906 1125 1947 dubio,
1153 1907 1212 1951 qui

181 2053 214 2097 ¹)
239 2054 344 2088 Deest
366 2057 439 2094 „et“
461 2052 496 2085 in
521 2052 597 2085 edd.
621 2051 669 2084 M.

176 2111 214 2151 ²)
239 2108 341 2145 Num.
363 2108 493 2148 XXIII}
513 2108 544 2142 9.

178 2165 215 2209 ³)
238 2165 302 2198 Ed.
328 2165 437 2198 Ruaei
460 2166 548 2198 sola:
574 2165 681 2197 coelo.

178 2221 214 2263 ⁴)
237 2221 339 2254 Num.
364 2220 490 2261 XXIII,
513 2220 543 2255 9.
