1427 2460
192 87 238 124 46
364 86 367 88 ’
433 84 436 86 ’
675 89 854 125 Omenms

468 237 915 278 HOMILIA
979 239 1052 279 VI.

192 334 246 368 De
271 348 324 375 eo,
347 336 443 380 quod
467 336 629 382 scriptum
654 346 719 371 est:
745 336 892 382 „exiit¹)
908 337 1024 372 Moses
1048 338 1091 371 ad
1113 339 1284 383 populum
1294 341 1326 373 :“

289 406 322 430 et
347 398 389 431 de
411 399 622 443 septuaginta
641 398 855 445 presbyteris,
883 408 914 432 et
939 400 981 432 de
1004 400 1228 445 Aethiopissa,

473 474 576 506 quam
600 460 716 494 Moses
741 460 873 506 accepit
895 474 1046 494 uxorem.

280 551 312 586 1.
338 550 442 585 Plura
466 551 568 585 nobis
590 551 692 585 simul
715 549 853 584 recitata
869 560 956 592 sunt,
980 561 1013 585 et
1037 553 1079 586 de
1104 552 1264 586 omnibus
1286 552 1326 588 iis

190 610 313 652 dicere,
337 626 401 647 nec
425 613 590 658 temporis
613 613 770 654 brevitas,
793 626 857 646 nec
872 614 1111 660 mysteriorum
1124 615 1322 658 magnitudo

187 673 362 718 permittit.
422 675 554 710 Licebit
589 685 703 709 tamen
733 689 771 709 ex
810 675 1161 722 ingentibus'campis
1196 689 1326 722 paucos

187 735 348 769 flosculos
375 737 496 779 legere,
522 747 554 771 et
575 751 649 771 non
663 747 826 782 quantum
841 751 919 780 ager
938 739 1109 780 exuberat,
1132 739 1190 773 sed
1215 752 1324 784 quan-

187 804 262 830 tum
287 798 446 832 odoratui
469 799 613 833 sufficiat
637 813 786 845 carpere.
839 800 936 833 Sicut
967 809 1000 833 et
1027 814 1104 834 curn
1129 800 1204 845 quis
1227 813 1325 834 acce-

187 858 239 891 dit
262 861 305 892 ad
330 861 474 902 sontem,
497 875 570 894 non
594 861 624 894 ei
647 871 780 895 tanturn
804 862 940 895 haurire
970 875 1107 896 necesse
1130 871 1188 902 est,
1213 875 1323 907 quan-

184 929 257 954 tum
284 934 367 955 vena
391 923 482 957 dives
507 923 686 964 effuderit,
719 925 778 957 sed
811 933 977 969 quantum
1002 933 1133 957 arentes
1155 923 1209 957 siti
1233 923 1324 956 miti-

184 992 239 1023 get
261 984 385 1024 fauces,
409 997 454 1017 ne
477 986 569 1019 forte
594 987 671 1030 plus
695 985 782 1031 justo
807 995 928 1026 sumta,
951 986 1011 1019 fiat
1032 985 1166 1030 potanti
1179 986 1322 1019 salubris

182 1045 277 1078 unda
300 1045 476 1090 pernicies.
523 1047 590 1088 „Et
603 1047 640 1093 ²)
665 1048 751 1087 exiit,
780 1047 909 1092 inquit,
933 1048 1049 1080 Moses
1073 1048 1117 1080 ad
1141 1047 1322 1091 populum,

185 1115 218 1140 et
239 1107 375 1141 locutus
401 1117 448 1142 est
472 1109 515 1142 ad
541 1122 618 1142 eum
642 1110 746 1143 verba
765 1108 943 1142 Domini.“
978 1109 1105 1142 Donec
1126 1110 1231 1142 verba
1246 1108 1325 1156 Do-

182 1168 268 1202 mini
292 1169 386 1203 audit
407 1170 534 1211 Moses,
559 1180 591 1204 et
613 1172 656 1204 ab
680 1171 754 1216 ipso
783 1172 935 1210 docetur,
960 1170 1052 1203 intus
1069 1179 1127 1211 est,
1152 1179 1185 1203 et
1207 1170 1242 1203 in
1267 1170 1321 1204 in-

181 1231 366 1265 terioribus
392 1232 552 1274 consistit,
577 1242 679 1278 atque
701 1233 739 1266 in
756 1231 882 1266 intimis
904 1232 1039 1266 secretis
1063 1233 1217 1266 habetur.
1251 1231 1323 1265 Ubi

182 1305 263 1325 vero
286 1293 396 1327 turbis
419 1294 574 1339 loquitur
612 1304 645 1328 et
679 1294 836 1340 populis,
871 1293 1037 1328 ministrat
1061 1293 1106 1335 ei,
1140 1293 1199 1339 qui
1230 1294 1320 1327 intus

181 1368 255 1388 non
279 1365 391 1400 potest
415 1366 512 1396 stare,
536 1357 625 1390 exire
650 1356 774 1389 dicitur
803 1357 904 1390 foras.
961 1355 1056 1399 Quid
1081 1368 1161 1398 ergo
1185 1356 1321 1389 formae

181 1416 258 1450 talis
283 1418 436 1451 contin-et
466 1417 603 1451 sermo?
649 1417 758 1462 Quod
791 1418 901 1451 omnis
932 1419 1073 1458 doctor,
1105 1427 1138 1451 et
1163 1416 1321 1460 magister

183 1479 352 1520 ecclesiae,
376 1480 404 1513 si
421 1481 464 1513 de
479 1479 766 1526 profundioribus
783 1479 947 1527 mysteriis
971 1479 1101 1524 aliquid
1124 1488 1268 1520 moveat,
1291 1477 1319 1512 si

181 1555 344 1575 arcanum
377 1542 459 1588 quid
492 1552 524 1576 et
553 1542 770 1575 reconditum
801 1543 843 1575 de
873 1541 940 1574 Dei
971 1540 1133 1586 sapientia
1165 1541 1320 1585 proferat

179 1603 269 1637 inter
290 1605 471 1649 perfectos,
496 1605 607 1638 donec
631 1604 665 1637 in
691 1603 872 1649 profundis
897 1603 1049 1636 sensibus
1073 1612 1241 1642 versatur,
1264 1602 1318 1635 in-

179 1675 233 1699 tus
259 1679 351 1707 esse„
363 1675 395 1699 et
418 1667 453 1700 in
477 1665 696 1699 interioribus
721 1665 902 1699 consistere
928 1664 1092 1698 dicendus
1116 1673 1173 1697 est.
1228 1663 1318 1697 Cum

179 1740 260 1760 vero
286 1727 440 1772 loquitur
464 1728 507 1767 ad
530 1729 656 1767 turbas,
682 1736 712 1760 et
737 1739 774 1759 ea
799 1729 941 1771 profert,
966 1739 1052 1771 quae
1075 1724 1246 1759 sufficiant
1267 1725 1317 1766 iis,

181 1789 241 1834 qui
267 1789 350 1823 foris
367 1799 454 1830 sunt,
480 1798 511 1822 et
535 1802 622 1834 quae
646 1798 760 1834 potest
782 1789 900 1831 vulgus
926 1787 1055 1828 audire,
1079 1788 1171 1821 foras
1195 1786 1318 1820 dicitur

181 1849 301 1892 exisse,
335 1859 366 1883 et
395 1851 491 1895 loqui
515 1852 559 1884 ad
590 1851 760 1895 populum
785 1851 888 1883 verba
912 1849 1066 1883 Domini.
1115 1849 1192 1882 Hoc
1216 1848 1315 1882 video

178 1921 212 1944 et
234 1912 381 1945 Paulum
405 1913 540 1955 secisse,
572 1921 604 1945 et
631 1912 723 1945 intus
755 1912 893 1957 quidem
915 1912 1034 1952 fuisse,
1068 1924 1145 1944 cum
1172 1910 1312 1943 diceret:

177 1972 396 2018 „sapientiam
408 1973 445 2018 ³)
470 1984 580 2007 autern
604 1974 782 2019 loquimur
802 1974 891 2007 inter
911 1975 1092 2019 perfectos,
1114 1971 1314 2017 sapientiam

180 2044 293 2067 autem
318 2048 389 2067 non
415 2035 516 2081 hujus
541 2036 671 2076 mundi,
695 2050 808 2082 neque
836 2035 1032 2082 principum
1057 2033 1158 2080 hujus
1181 2033 1313 2075 mundi,

179 2095 237 2141 qui
262 2097 486 2131 destruentur.
540 2097 610 2131 Sed
644 2098 819 2143 loquimur
849 2097 916 2131 Dei
947 2095 1148 2142 sapientiam
1173 2096 1209 2130 in
1233 2107 1311 2140 my—

270 2224 305 2268 ¹)
329 2226 431 2258 Num.
457 2224 517 2265 XI,
541 2226 595 2259 24.
619 2239 711 2271 seqq.
739 2235 769 2258 et
791 2225 868 2265 XII,
893 2225 923 2258 1.
948 2237 1041 2269 seqq.

266 2282 305 2326 ²)
327 2281 430 2316 Num.
455 2281 516 2323 XI,
541 2281 594 2315 24.
690 2280 727 2326 ³)
751 2281 769 2313 I
792 2280 872 2314 Cor.
897 2281 941 2321 II,
965 2280 996 2315 6.
1023 2281 1053 2315 7.
1078 2279 1111 2316 8.
