1427 2460
205 91 252 126 70
684 89 862 125 oium-:ms

211 181 371 224 ignorant
394 182 527 215 bonum
550 179 602 213 vel
625 181 786 215 malum.“
843 179 895 214 Sit
926 180 1077 216 fortassis
1096 181 1224 227 aliquid
1249 181 1348 216 etiam

211 241 400 276 secretioris
424 240 573 288 mysterii
595 242 632 275 in
648 242 756 276 verbis
770 241 926 283 Domini,
949 243 1108 277 dicentis:
1133 242 1216 284 „filii
1232 244 1267 289 ¹)
1291 257 1350 277 eo-

213 317 309 343 rum,
341 302 400 347 qui
428 311 506 336 sunt
534 316 670 336 mecum
703 303 789 336 hic.“
835 304 906 337 Ubi
936 303 1014 337 hie?
1066 307 1138 339 Aut
1169 307 1348 350 quomodo

213 364 374 398 mecum?
422 364 494 408 Qui
517 364 620 396 habet
643 377 738 397 aures
763 364 935 406 audiendi,
957 365 1083 404 audiat,
1128 367 1199 401 Nos
1213 366 1350 401 interim

215 424 370 465 dicimus,
394 426 472 470 quia
495 435 607 470 patres
631 426 738 458 nostri
762 427 900 460 fuerunt
923 427 980 461 ille
991 430 1141 473 populus
1156 428 1262 473 prior,
1284 442 1349 463 nos

215 496 327 520 autem
352 487 412 520 filii
435 489 589 533 ipsorum
619 501 744 521 sumus.
804 489 857 522 Illi
890 502 968 533 ergo
1001 490 1163 534 quoniam
1187 503 1350 535 peccave—

214 558 304 588 runt,
329 548 450 594 abjecti
475 559 553 582 sunt
577 558 609 582 et
632 549 844 583 ceciderunt:
877 564 940 585 nos
975 561 1087 585 autem
1111 551 1174 585 filii
1196 552 1351 596 ipsorum

214 623 281 654 pro
305 610 385 655 ipsis
407 612 628 651 surreximus,
670 621 703 650 et
731 611 831 644 erecti
858 625 990 651 sumus,
1028 613 1099 664 qui·
1119 613 1351 647 nesciebamus
1379 615 1382 618 ”

214 672 348 705 bonum
371 673 424 705 vel
447 674 587 707 malum.
632 674 683 707 Ex
707 673 861 714 gentibus
886 674 976 707 enim
1000 687 1132 714 sumus,
1156 675 1214 719 qui
1237 687 1350 720 neque

216 733 320 773 bona,
346 747 432 779 quae
457 748 495 768 ex
518 735 596 768 Deo
622 735 770 775 veniunt,
785 748 996 776 noveramus,
1020 748 1131 780 neque
1147 737 1245 776 mala,
1264 749 1351 781 quae

217 807 256 827 ex
287 806 429 840 peccato
462 806 680 839 generantur:
715 798 743 831 si
773 806 887 830 tamen
917 799 1134 832 succedentes
1163 798 1200 831 in
1233 798 1351 832 locum

216 869 347 898 eorum,
371 857 430 902 qui
454 858 575 904 abjecti
596 867 683 899 sunt,
707 859 790 891 tanti
813 858 926 903 lapsus
949 858 1125 892 timeamus
1148 861 1352 905 exemplum,

216 919 391 952 audientes
416 919 724 953 commonitionem
746 920 845 953 Pauli
867 921 1053 954 dicentem:
1077 920 1216 966 „vide²)
1241 931 1353 955 autem

216 979 445 1021 severitatem,
476 990 507 1014 et
530 981 717 1014 bonitatem
741 981 825 1022 Dei,
858 982 893 1015 in
919 996 976 1016 eos
1001 983 1156 1027 quidem,
1181 983 1240 1027 qui
1264 983 1352 1017 ceei-

218 1041 350 1081 derunt,
373 1042 592 1083 severitatem,
616 1042 651 1075 in
676 1053 709 1076 te
735 1052 847 1076 autem
872 1043 1071 1084 bonitatem,
1094 1044 1121 1077 si
1135 1054 1249 1078 tamen
1273 1059 1352 1091 per-

219 1103 380 1136 manseris
404 1104 439 1136 in
462 1104 622 1145 bonitate.
672 1104 835 1149 Alioquin
861 1115 892 1137 et
916 1115 953 1138 tu
978 1106 1155 1146 excideris,
1179 1116 1211 1139 et
1232 1107 1302 1147 illi,
1326 1106 1353 1141 si

216 1177 290 1196 non
314 1165 561 1209 permanserint
583 1166 618 1198 in
634 1165 880 1207 incredulitate,
903 1167 1126 1200 inserentur.“
1163 1169 1269 1201 Addit
1292 1182 1352 1202 au-

218 1235 285 1258 tem
310 1237 388 1271 post
411 1228 493 1260 haec
506 1226 688 1267 Dominus,
713 1236 744 1260 et
769 1227 866 1260 dicit:
890 1227 1019 1272 „filii³)
1043 1241 1123 1262 vero
1142 1229 1241 1263 vestri
1256 1239 1354 1264 erunt

216 1286 354 1320 incolae
376 1288 411 1321 in
436 1290 566 1322 deserto
593 1289 811 1333 quadraginta
845 1289 973 1323 annis.“
1026 1289 1070 1322 Et
1101 1290 1183 1335 quid
1214 1291 1355 1326 haberet

219 1350 371 1393 mysterii
395 1364 558 1384 numerus
582 1350 653 1392 iste,
679 1352 830 1384 declarat
853 1350 988 1383 dicens:
1010 1352 1218 1391 „secundum
1230 1352 1266 1397 4>
1290 1367 1355 1385 nu-

219 1423 371 1453 merum,
395 1411 514 1456 inquit,
536 1411 686 1451 dierum,
717 1411 839 1456 quibus
864 1411 1098 1445 considerastis
1121 1422 1244 1445 terram
1271 1426 1354 1457 qua-

221 1473 371 1514 draginta
398 1475 535 1514 diebus,
570 1486 634 1518 pro
671 1473 726 1506 die
756 1486 819 1518 per
843 1486 990 1513 annum,
1026 1473 1194 1519 recipietis
1216 1485 1354 1519 peccata

219 1543 325 1568 vestra
350 1534 570 1579 quadraginta
597 1535 724 1568 annis.“
770 1534 892 1567 Timeo
921 1548 981 1577 ego
1005 1535 1154 1582 mysterii
1178 1535 1278 1583 hujus
1301 1551 1353 1571 se-

222 1605 310 1629 creta
335 1595 511 1629 discutere.
570 1596 682 1630 Video
715 1595 824 1637 enim,
862 1598 957 1640 quod
987 1606 1204 1641 peccatorum
1227 1597 1263 1630 in
1289 1599 1356 1632 hoc

220 1657 307 1690 ratio
333 1658 634 1703 comprehenditur
659 1667 690 1691 et
721 1670 923 1703 poenarum.
982 1657 1020 1691 Si
1050 1659 1140 1691 enim
1170 1659 1356 1704 unicuique

220 1719 393 1763 peccatori
430 1733 538 1766 annus
578 1719 778 1753 adscribitur
809 1721 852 1752 ad
885 1732 1034 1764 poenam
1060 1733 1124 1764 pro
1156 1720 1256 1754 unius
1289 1721 1356 1754 diei

221 1790 380 1824 peccato,
403 1791 434 1814 et
456 1782 644 1815 secundum
666 1781 833 1814 rationem
858 1781 1009 1821 dierum,
1043 1781 1164 1825 quibus
1187 1791 1356 1826 peccatur,

222 1855 390 1875 annorum
416 1843 558 1876 totidem
582 1856 745 1876 numerus
769 1843 804 1875 in
827 1842 997 1887 suppliciis
1017 1845 1267 1877 consumendus
1292 1853 1357 1877 est:

222 1917 350 1944 vereor,
374 1917 417 1937 ne
432 1905 531 1938 'sorte
553 1905 664 1944 nobis,
688 1905 746 1949 qui
774 1905 926 1949 quotidie
948 1917 1144 1948 peccamus,
1169 1914 1200 1938 et
1222 1905 1356 1938 nullum

222 1965 311 1997 sorte
333 1965 419 1998 vitae
444 1977 578 2000 nostrae
610 1967 699 2000 diem
725 1968 851 2011 absque
883 1975 1023 2011 peccato
1048 1966 1280 2008 transigimus,
1311 1980 1355 2000 ne

222 2027 293 2070 ipsa
317 2028 407 2060 forte
429 2029 572 2070 saecula,
596 2037 654 2061 aut
677 2028 776 2062 etiam
801 2029 934 2062 saecula
965 2029 1175 2061 saeculorum
1199 2028 1355 2061 sufficere

222 2087 355 2132 possint
376 2090 420 2122 ad
444 2102 571 2134 poenas
602 2090 752 2124 luendas.
808 2090 849 2123 In
873 2103 914 2123 co
939 2089 1047 2130 enim,
1082 2090 1176 2134 quod
1206 2090 1355 2134 populus

320 2223 354 2264 ¹)
378 2223 478 2256 Num.
503 2223 596 2263 XIV,
619 2225 673 2258 23.
768 2224 804 2269 ²)
831 2224 931 2257 Rom.
955 2224 1016 2263 XI,
1040 2225 1094 2257 22.
1118 2224 1172 2258 23.

317 2278 354 2323 ³)
377 2279 478 2316 Num0
503 2279 594 2319 XIV,
617 2278 669 2313 33.
764 2280 802 2323 4)
826 2280 928 2313 Num.
952 2279 1044 2319 XIV,
1067 2279 1121 2314 34.
