1427 2460
530 85 807 110 PROLEGOMENA.
1198 86 1235 111 XI

112 178 191 214 cap.
212 169 245 203 2.
270 169 358 202 sect.
380 168 412 202 3.
437 176 530 201 num.
555 167 606 208 1.‚
628 164 693 200 ubi
715 167 908 211 praeterea
928 168 1070 208 monet,
1093 169 1238 212 postre-

109 240 206 265 mam
229 228 417 264 homiliam
439 228 537 262 bona
561 226 617 262 sui
639 229 745 272 parte
770 236 851 261 esse
872 225 1084 262 mutilatam.
1116 227 1238 273 Ipsum

110 290 254 327 videsis.

654 419 695 454 11.

139 490 394 531 MONITUM
430 490 503 530 AD
545 487 801 529 ORIGENIS
838 479 1212 529 ΕΞΗΓΗΤΠΜ

86 557 88 559 ’
474 562 530 602 IN
566 560 873 602 LEVITICUM.

198 662 385 708 Excerpta
407 671 473 695 seu
495 659 638 694 scholia
659 658 697 693 in
720 657 922 693 Leviticum
946 657 1140 704 scripsisse
1156 659 1240 692 Ori-

110 734 237 770 genem
258 726 415 759 testatur
436 722 683 767 Hieronymus
713 721 810 766 apud
832 720 999 754 Rufinum
1030 719 1094 754 lib.
1117 722 1149 754 2.
1185 721 1242 754 In-

110 789 202 820 vect.
238 784 436 832 ‚‚Scripsit‚
471 784 605 829 inquit,
639 783 677 817 in
709 781 868 817 Genesin
898 780 1016 816 libros
1045 782 1243 825 tredecim;

109 847 347 892 mysticarum
380 845 615 881 homiliarum
648 844 767 880 libros
799 844 909 886 du0s3
938 843 976 877 in
1006 843 1138 878 Exodo
1168 845 1242 878 Ex-

110 912 256 955 cerpta;
290 908 329 943 in
361 907 526 944 Levitico
554 907 774 953 Excerpta.“
835 906 976 940 Horum
1009 905 1101 940 nihil
1131 906 1243 942 hodie

109 973 296 1016 superest,
333 969 406 1004 nisi
444 970 541 1004 forte
572 968 709 1014 aliquid
745 967 828 1002 inde
859 970 1017 1002 sumtum
1046 967 1244 1002 exhibeant

110 1032 264 1079 ἐκλογαί
284 1030 371 1066 illae
393 1031 431 1065 in
454 1030 667 1073 Leviticum‚
693 1040 785 1075 quae
809 1030 876 1064 sub
901 1028 1049 1064 nomine
1074 1029 1243 1074 Origenis

108 1092 146 1127 in
180 1092 319 1128 catenis
357 1093 501 1138 graecis
541 1090 801 1137 manuscriptis
842 1090 1163 1134 circumferuntur,
1208 1094 1245 1125 ct

111 1153 230 1200 priori
251 1154 338 1188 loco
363 1154 401 1188 in
423 1154 494 1189 hac
516 1157 646 1188 nostra
670 1152 832 1186 editione
855 1156 1189 1197 repraesentantur.

198 1215 352 1250 Praeter
374 1215 570 1261 Excerpta‚
597 1213 766 1258 Origenis
790 1213 962 1247 homilias
985 1213 1023 1247 in
1046 1213 1246 1248 Leviticum

109 1276 221 1311 latine
236 1276 393 1311 vertisse
416 1288 456 1311 se
479 1279 605 1310 monet
627 1275 776 1310 Rufinus
800 1274 836 1308 iu
860 1274 1099 1320 peroratione
1124 1275 1170 1309 ad
1192 1275 1246 1309 in-

110 1337 413 1384 terpretationem
438 1336 794 1371 Commentariorum
826 1336 990 1380 ejusdem
1016 1336 1185 1381 Origenis
1209 1337 1245 1371 in

110 1399 306 1446 epistolam
331 1400 377 1434 ad
398 1399 599 1433 Romanos.
647 1396 840 1432 Sexdecim
868 1402 1133 1432 commemorat
1157 1398 1246 1433 Cas-

112 1460 284 1496 siodorus
321 1461 367 1495 de
400 1460 630 1495 institutione
665 1460 868 1494 divinarum
901 1459 1090 1494 literarum
1124 1460 1246 1506 capite

108 1522 242 1569 primo.
287 1521 460 1567 „Reliqui
481 1522 602 1564 vobis,
622 1521 750 1566 inquit,
773 1525 985 1567 praestante
1008 1521 1188 1565 Domino,
1215 1522 1248 1556 si

109 1583 234 1630 legere
255 1583 464 1627 volueritis,
494 1583 675 1619 Homilias
698 1583 881 1629 praedicti
906 1583 1093 1628 Origenis,
1118 1583 1155 1617 id
1181 1587 1248 1625 est,

110 1645 148 1680 in
173 1646 308 1681 Genesi
330 1645 537 1688 sexdecim3
567 1645 605 1680 in
627 1646 759 1680 Exodo
785 1644 998 1687 duodecim;
1020 1644 1057 1678 in
1081 1644 1245 1678 Levitico

112 1707 334 1742 sexdecim.“
372 1706 544 1741 Totidem
567 1706 679 1741 hodie
702 1706 841 1753 passim
863 1710 940 1741 tum
963 1705 1001 1739 in
1024 1706 1248 1752 praeceden-

112 1766 210 1802 tibus
234 1778 389 1814 operum
424 1768 595 1814 Origenis
620 1768 862 1811 editionibus,
883 1771 962 1802 tum
985 1767 1023 1802 in
1045 1767 1248 1802 manuscri-

113 1826 188 1874 ptis
225 1829 417 1865 codicibus
450 1830 680 1876 perantiquis
713 1829 883 1875 Origenis
917 1839 1051 1863 nomen
1079 1839 1171 1874 prae
1208 1839 1249 1862 se

112 1888 241 1923 ferunt.
304 1890 414 1925 Certe
445 1902 492 1925 ex
525 1892 572 1925 iis
602 1891 663 1926 vel
697 1903 788 1926 unus
825 1892 945 1926 codex
979 1890 1248 1936 manuscriptus

114 1950 299 1995 Sangerm.
322 1951 442 1986 literis
465 1952 671 1987 uncialibus
697 1955 868 1986 exaratus
890 1951 1034 1986 videtur
1057 1955 1163 1986 sexto
1188 1951 1247 1986 vel

115 2011 272 2057 septimo
298 2008 447 2048 circiter
479 2013 659 2049 ecclesiae
688 2013 848 2048 saeculo.
912 2013 1111 2048 Praeterea
1132 2013 1246 2047 Jonas

113 2072 386 2109 Aurelianensis
416 2074 633 2121 episcopus,
671 2075 733 2120 qui
768 2073 916 2110 saeculo
950 2085 1049 2109 nono
1080 2075 1247 2117 florebat,

116 2134 180 2169 lib.
203 2136 229 2170 1.
259 2136 305 2170 de
335 2136 566 2171 Institutione
603 2136 727 2172 laicali
762 2148 841 2183 cap.
865 2138 896 2172 5.
921 2138 975 2172 16.
1001 2140 1038 2171 et
1062 2137 1115 2172 18.
1145 2136 1248 2171 varia

117 2206 164 2230 ex
195 2196 364 2242 Origenis
399 2197 561 2233 homiliis
597 2197 704 2233 affert
738 2201 956 2244 fragmenta,
996 2209 1088 2244 quae
1117 2197 1249 2232 iisdem

116 2257 238 2294 verbis
261 2258 299 2294 in
321 2258 509 2297 hodiernis
541 2260 726 2297 sexdecim
760 2260 922 2296 homiliis
952 2260 1127 2306 leguntur.
1176 2259 1249 2293 De-
