1427 2460
327 110 364 135 m
390 101 569 134 Nummos
597 99 759 132 Humum
779 98 922 134 XXVII.
1122 102 1190 136 349

63 191 228 236 operandi
250 190 285 224 in
309 190 410 224 nobis
435 202 492 229 ea,
517 201 603 233 quae
628 189 702 223 odit
727 190 830 223 Deus.
886 189 923 223 Si
954 198 1066 222 autem
1099 191 1190 235 ab')

61 254 112 287 his
145 253 304 286 omnibus
329 242 562 285 contineamus
594 264 675 291 nos,
712 264 753 285 eo
778 252 906 292 modo,
946 264 1014 296 quo
1039 251 1193 296 superius

49 313 222 353 ¹diximus,
253 313 346 346 dedit
375 312 556 363 vindictam
588 314 623 346 in
650 312 809 347 omnibus
844 313 905 346 diis
937 313 1192 359 Aegyptiorum,

60 388 256 420 poenasque
281 388 319 408 ex
341 383 457 407 nostra
491 375 729 407 emendatione
763 385 795 408 et
820 374 1087 418 conversione2)
1112 376 1192 408 dae-

24 482 26 489 *
61 449 180 470 mones
201 436 398 481 suscipiunt.

151 497 182 532 9.
229 497 363 531 Exeunt
387 510 465 539 ergo
493 511 530 530 ex
554 499 707 544 Aegypto
734 497 796 530 filii
819 497 939 536 Israel,
975 506 1008 530 et
1036 487 1191 542 profit-'is-

62 568 175 591 centes
200 571 238 591 ex
261 559 423 592 Ramesse
445 558 584 592 veniunt
606 559 641 592 in
667 560 832 593 Sochotb.
876 559 1104 592 Profectionis
1136 559 1190 591 hic

63 621 162 661 ordo,
188 630 219 653 et
243 620 410 654 distinctio
436 621 652 654 mansionum
676 613 774 653 va'lde
798 620 994 659 necessaria,
1021 629 1052 652 et
1075 621 1191 653 obser-

61 683 171 715 vanda
196 691 244 715 est
266 682 322 722 iis,
347 682 404 726 qui
427 691 615 727 sequuntur
639 681 774 722 Deum,
805 690 837 714 et
861 682 904 714 de
926 681 1087 714 virtutum
1111 694 1193 726 pro-

61 743 206 776 fectibus
227 743 383 786 cogitant.
431 743 486 776 De
510 757 578 788 quo
607 743 730 776 ordine
754 743 913 783 memini,
943 744 1037 787 quod
1066 743 1134 787 jam
1161 751 1193 774 et

62 804 95 837 in
121 805 203 845 aliis,
227 819 303 851 cum
330 805 574 838 aedificationis
599 818 696 837 causa
721 804 833 848 aliqua
858 805 1088 848 loqueremur,
1108 816 1193 847 quac

63 866 236 899 Dominus
269 867 349 899 dare
380 867 535 908 dignatus
567 875 634 906 est,
670 865 842 910 prosecuti
872 879 997 899 sumus.
1061 865 1129 898 Sed
1165 875 1196 897 et

62 939 155 959 nunc
184 926 303 971 paucis
330 927 454 960 iterum
496 927 722 970 orantibus3)
757 927 852 961 vobis
885 927 1194 960 commonebimus.

62 987 118 1020 Fit
151 1001 230 1030 ergo
260 988 370 1033 prima
401 989 570 1033 profectio
603 1002 641 1021 ex
676 989 853 1029 Ramesse,
889 998 921 1021 et
953 989 1021 1022 sive
1052 989 1094 1021 dc
1127 989 1193 1021 ho(-

61 1050 194 1082 mundo
225 1049 337 1082 anima
366 1049 583 1094 proficiscens
618 1052 660 1083 ad
691 1051 843 1083 futurum
875 1050 1046 1083 saeculum
1076 1050 1195 1094 pergit,

62 1110 129 1143 sive
152 1111 195 1143 ab
220 1111 392 1144 erroribus
414 1111 501 1144 vitae
525 1112 571 1160 ad
594 1112 680 1144 viam
705 1111 833 1144 virtutis
858 1121 890 1144 et
915 1110 1095 1153 agnitionis
1110 1124 1193 1143 con-

64 1171 218 1212 vertitur,
244 1185 281 1205 ex
304 1172 463 1206 Ramesse
486 1172 724 1217 proficiscitur.
770 1173 930 1207 Ramesse
954 1172 1043 1204 enirn
1067 1172 1102 1204 in
1127 1183 1191 1204 no—

64 1242 131 1266 stra
156 1233 269 1276 lingua
293 1232 417 1267 dicitur
442 1235 631 1267 commotio
656 1234 811 1275 turbida,
845 1236 896 1268 vel
928 1234 1116 1267 commotio
1150 1234 1193 1266 ti-

64 1308 157 1328 neae.
212 1295 252 1327 In
287 1308 356 1340 quo
387 1296 505 1339 utique
538 1296 744 1336 ostenditur,
784 1296 878 1340 quod
911 1296 1027 1328 omnia
1057 1295 1092 1327 in
1125 1295 1192 1328 hoc

65 1357 197 1389 mundo
233 1355 268 1388 in
305 1357 615 1397 commotionibus,
659 1367 690 1390 et
730 1357 1042 1402 perturbationibus
1085 1357 1195 1401 posita

62 1426 157 1457 sunt,
181 1426 213 1450 et
236 1416 272 1450 in
299 1419 511 1462 corruptela:
545 1419 611 1451 hoc
636 1419 723 1452 enim
749 1418 837 1452 tinea
862 1418 1000 1451 indicat.
1056 1418 1095 1450 In
1121 1418 1195 1462 qui—

62 1479 127 1512 bus
149 1492 222 1512 non
242 1488 380 1524 oportet
403 1479 550 1512 residere
575 1480 742 1521 animam,
778 1481 837 1514 sed
862 1479 1051 1525 proficisci,
1085 1489 1115 1512 et
1138 1493 1194 1512 ve-

63 1540 137 1574 nire
160 1540 196 1574 in
221 1541 387 1575 sochoth.
434 1541 591 1575 Sochoth
623 1552 737 1576 autem
765 1543 1007 1586 interpretatur
1038 1541 1196 1573 taberna—

65 1604 150 1635 cula.
196 1602 303 1643 Igitur
325 1602 456 1647 primus
481 1603 614 1636 animae
637 1606 811 1648 profectus
836 1612 900 1643 est,
923 1611 960 1634 ut
986 1605 1156 1636 auferatur
1177 1615 1195 1634 a

67 1663 305 1697 commotione
327 1672 482 1703 terre-na,
522 1674 554 1697 et
578 1666 660 1699 sciat
683 1665 746 1698 sibi
775 1675 936 1709 tanquam
967 1662 1196 1709 peregrinanti

64 1725 101 1759 in
122 1724 348 1758 tabernaculis
372 1725 615 1765 habitandum,
651 1740 719 1771 quo
745 1727 836 1760 velut
866 1727 902 1760 in
927 1727 1106 1771 procinctu
1129 1738 1194 1769 po-

64 1786 138 1827 sita,
161 1788 319 1821 adversus
342 1785 536 1821 insidiantes
561 1789 714 1833 expedita
756 1801 937 1821 occurrere
969 1787 1072 1832 possit
1103 1796 1134 1819 et
1156 1786 1197 1818 li-

66 1849 158 1882 bera.
204 1849 291 1881 Inde
315 1847 382 1893 jam
406 1849 466 1882 ubi
491 1862 526 1882 se
547 1849 648 1883 sentit
673 1862 741 1883 esse
763 1859 1010 1894 praeparatam,
1041 1847 1198 1893 proficis-

67 1910 156 1944 citur
179 1922 216 1943 ex
241 1910 418 1951 sochoth,
450 1921 482 1944 et
505 1910 654 1956 applicat
677 1911 714 1944 in
738 1911 886 1944 Buthan.
943 1909 1081 1942 Buthan
1114 1922 1197 1943 con-

67 1972 162 2005 vallis
193 1973 396 2017 appellatur.
454 1972 628 2006 Virtutum
661 1972 804 2006 diximus
836 1973 871 2005 in
883 1971 920 2015 ⁴²)
950 1972 999 2005 his
1025 1984 1092 2005 esse
1116 1984 1198 2015 pro-

162 2111 199 2155 ¹)
222 2111 314 2145 Edd.
339 2111 493 2145 Merlini:
519 2112 561 2145 ab
586 2113 624 2146 iis
650 2112 817 2146 omnibus.

162 2167 200 2210 2)
226 2167 315 2201 Edd.
340 2167 496 2202 Merlini:
523 2169 789 2203 conversatione.

160 2223 198 2268 3)
223 2224 356 2258 Desunt
379 2225 501 2258 verba:
526 2224 722 2264 „orantibus
745 2224 863 2259 vobis“
886 2224 922 2258 in
948 2224 1024 2258 edd.
1049 2223 1098 2257 M.

161 2278 200 2324 ⁴)
223 2281 312 2314 Edd.
338 2281 493 2314 Merlini:
519 2280 555 2314 in
578 2282 616 2315 iis
641 2294 709 2315 esse
734 2290 794 2315 etc.
