<?xml version="1.0" encoding="UTF-8"?>
<!DOCTYPE html PUBLIC "-//W3C//DTD XHTML 1.0 Transitional//EN"
    "http://www.w3.org/TR/xhtml1/DTD/xhtml1-transitional.dtd">
<html xmlns="http://www.w3.org/1999/xhtml" xml:lang="en" lang="en">
 <head>
  <title>
</title>
<meta http-equiv="Content-Type" content="text/html;charset=utf-8" />
  <meta name='ocr-system' content='tesseract 3.04.00' />
  <meta name='ocr-capabilities' content='ocr_page ocr_carea ocr_par ocr_line ocrx_word'/>
</head>
<body>
  <div class='ocr_page' id='page_1' title='image "./operaomniaquaegr10orig/operaomniaquaegr10orig_0290.png"; bbox 0 0 1427 2460; ppageno 0'>
   <div class='ocr_carea' id='block_1_1' title="bbox 199 92 863 128">
    <p class='ocr_par' dir='ltr' id='par_1_1' title="bbox 199 92 863 128">
     <span class='ocr_line' id='line_1_1' title="bbox 199 92 863 128; baseline 0 -2"><span class='ocrx_word' id='word_1_1' title='bbox 199 93 268 128; x_wconf 78' lang='lat'>268</span> <span class='ocrx_word' id='word_1_2' title='bbox 685 92 863 127; x_wconf 70' lang='lat' dir='ltr'>Omessms</span> 
     </span>
    </p>
   </div>
   <div class='ocr_carea' id='block_1_2' title="bbox 203 182 1384 229">
    <p class='ocr_par' dir='ltr' id='par_1_2' title="bbox 203 182 1384 229">
     <span class='ocr_line' id='line_1_2' title="bbox 203 182 1384 229; baseline 0.003 -13"><span class='ocrx_word' id='word_1_3' title='bbox 203 182 500 228; x_wconf 68' lang='lat' dir='ltr'><strong>interpretatione,</strong></span> <span class='ocrx_word' id='word_1_4' title='bbox 531 184 685 227; x_wconf 62' lang='grc' dir='ltr'>(μω-ε’)</span> <span class='ocrx_word' id='word_1_5' title='bbox 716 184 775 216; x_wconf 84' lang='lat' dir='ltr'>iste</span> <span class='ocrx_word' id='word_1_6' title='bbox 800 184 958 228; x_wconf 85' lang='lat' dir='ltr'>Salpbaat</span> <span class='ocrx_word' id='word_1_7' title='bbox 983 197 1054 216; x_wconf 88' lang='lat' dir='ltr'>non</span> <span class='ocrx_word' id='word_1_8' title='bbox 1079 185 1229 229; x_wconf 86' lang='lat' dir='ltr'>potuerit</span> <span class='ocrx_word' id='word_1_9' title='bbox 1252 185 1340 219; x_wconf 83' lang='lat' dir='ltr'>filios</span> <span class='ocrx_word' id='word_1_10' title='bbox 1381 203 1384 208; x_wconf 45' lang='lat' dir='ltr'><em>r</em></span> 
     </span>
    </p>
   </div>
   <div class='ocr_carea' id='block_1_3' title="bbox 200 244 1342 970">
    <p class='ocr_par' dir='ltr' id='par_1_3' title="bbox 200 244 1342 909">
     <span class='ocr_line' id='line_1_3' title="bbox 201 244 1340 290; baseline 0.002 -13"><span class='ocrx_word' id='word_1_11' title='bbox 201 258 373 288; x_wconf 85' lang='lat' dir='ltr'>generare,</span> <span class='ocrx_word' id='word_1_12' title='bbox 395 246 454 277; x_wconf 88' lang='lat' dir='ltr'>sed</span> <span class='ocrx_word' id='word_1_13' title='bbox 473 244 568 278; x_wconf 81' lang='lat' dir='ltr'>filias.</span> <span class='ocrx_word' id='word_1_14' title='bbox 602 246 848 290; x_wconf 76' lang='lat' dir='ltr'><strong>Interpretatur</strong></span> <span class='ocrx_word' id='word_1_15' title='bbox 864 247 965 285; x_wconf 87' lang='lat' dir='ltr'>enim,</span> <span class='ocrx_word' id='word_1_16' title='bbox 990 255 1027 278; x_wconf 92' lang='lat' dir='ltr'>ut</span> <span class='ocrx_word' id='word_1_17' title='bbox 1042 245 1195 286; x_wconf 83' lang='lat' dir='ltr'>diximus,</span> <span class='ocrx_word' id='word_1_18' title='bbox 1218 248 1340 280; x_wconf 86' lang='lat' dir='ltr'>umbra</span> 
     </span>
     <span class='ocr_line' id='line_1_4' title="bbox 201 305 1342 352; baseline 0 -12"><span class='ocrx_word' id='word_1_19' title='bbox 201 309 236 340; x_wconf 87' lang='lat' dir='ltr'>in</span> <span class='ocrx_word' id='word_1_20' title='bbox 262 320 321 339; x_wconf 91' lang='lat' dir='ltr'>ore</span> <span class='ocrx_word' id='word_1_21' title='bbox 347 305 428 351; x_wconf 75' lang='lat' dir='ltr'>ejuS.</span> <span class='ocrx_word' id='word_1_22' title='bbox 474 305 576 340; x_wconf 82' lang='lat' dir='ltr'>Vides</span> <span class='ocrx_word' id='word_1_23' title='bbox 603 319 694 348; x_wconf 87' lang='lat' dir='ltr'>ergo,</span> <span class='ocrx_word' id='word_1_24' title='bbox 719 307 900 351; x_wconf 84' lang='lat' dir='ltr'>quoniam,</span> <span class='ocrx_word' id='word_1_25' title='bbox 932 307 959 340; x_wconf 84' lang='lat' dir='ltr'>si</span> <span class='ocrx_word' id='word_1_26' title='bbox 984 308 1057 352; x_wconf 86' lang='lat' dir='ltr'>quis</span> <span class='ocrx_word' id='word_1_27' title='bbox 1081 309 1239 340; x_wconf 87' lang='lat' dir='ltr'>umbram</span> <span class='ocrx_word' id='word_1_28' title='bbox 1263 308 1342 350; x_wconf 81' lang='lat' dir='ltr'>legis</span> 
     </span>
     <span class='ocr_line' id='line_1_5' title="bbox 201 367 1341 414; baseline 0.001 -13"><span class='ocrx_word' id='word_1_29' title='bbox 201 370 304 402; x_wconf 84' lang='lat' dir='ltr'>habet</span> <span class='ocrx_word' id='word_1_30' title='bbox 326 367 361 401; x_wconf 90' lang='lat' dir='ltr'>in</span> <span class='ocrx_word' id='word_1_31' title='bbox 387 381 447 400; x_wconf 87' lang='lat' dir='ltr'>ore</span> <span class='ocrx_word' id='word_1_32' title='bbox 463 393 472 408; x_wconf 89' lang='lat'><em>‚</em></span> <span class='ocrx_word' id='word_1_33' title='bbox 497 378 529 400; x_wconf 84' lang='lat' dir='ltr'>et</span> <span class='ocrx_word' id='word_1_34' title='bbox 557 381 630 401; x_wconf 92' lang='lat' dir='ltr'>non</span> <span class='ocrx_word' id='word_1_35' title='bbox 653 368 760 414; x_wconf 80' lang='lat' dir='ltr'>ipsam</span> <span class='ocrx_word' id='word_1_36' title='bbox 785 369 967 410; x_wconf 76' lang='lat' dir='ltr'>imaginem</span> <span class='ocrx_word' id='word_1_37' title='bbox 992 383 1123 408; x_wconf 79' lang='lat' dir='ltr'>rerum,</span> <span class='ocrx_word' id='word_1_38' title='bbox 1154 370 1227 410; x_wconf 87' lang='lat' dir='ltr'>hic,</span> <span class='ocrx_word' id='word_1_39' title='bbox 1262 369 1341 414; x_wconf 88' lang='lat' dir='ltr'>quia</span> 
     </span>
     <span class='ocr_line' id='line_1_6' title="bbox 200 430 1342 476; baseline 0 -13"><span class='ocrx_word' id='word_1_40' title='bbox 200 430 287 464; x_wconf 84' lang='lat' dir='ltr'>nihil</span> <span class='ocrx_word' id='word_1_41' title='bbox 316 430 507 475; x_wconf 83' lang='lat' dir='ltr'>spirituale,</span> <span class='ocrx_word' id='word_1_42' title='bbox 537 430 625 463; x_wconf 84' lang='lat' dir='ltr'>nihil</span> <span class='ocrx_word' id='word_1_43' title='bbox 655 431 823 475; x_wconf 80' lang='lat' dir='ltr'>profundi</span> <span class='ocrx_word' id='word_1_44' title='bbox 852 431 1040 476; x_wconf 76' lang='lat' dir='ltr'>intellectus</span> <span class='ocrx_word' id='word_1_45' title='bbox 1069 431 1192 465; x_wconf 85' lang='lat' dir='ltr'>sentire</span> <span class='ocrx_word' id='word_1_46' title='bbox 1221 440 1342 475; x_wconf 80' lang='lat' dir='ltr'>potest,</span> 
     </span>
     <span class='ocr_line' id='line_1_7' title="bbox 200 491 1340 538; baseline -0.002 -12"><span class='ocrx_word' id='word_1_47' title='bbox 200 494 259 526; x_wconf 85' lang='lat' dir='ltr'>sed</span> <span class='ocrx_word' id='word_1_48' title='bbox 285 493 357 525; x_wconf 83' lang='lat' dir='ltr'>sola</span> <span class='ocrx_word' id='word_1_49' title='bbox 383 493 503 524; x_wconf 89' lang='lat' dir='ltr'>umbra</span> <span class='ocrx_word' id='word_1_50' title='bbox 527 491 608 534; x_wconf 83' lang='lat' dir='ltr'>legis</span> <span class='ocrx_word' id='word_1_51' title='bbox 631 492 668 525; x_wconf 83' lang='lat' dir='ltr'>in</span> <span class='ocrx_word' id='word_1_52' title='bbox 695 506 754 525; x_wconf 90' lang='lat' dir='ltr'>ore</span> <span class='ocrx_word' id='word_1_53' title='bbox 779 493 849 538; x_wconf 83' lang='lat' dir='ltr'>ejus</span> <span class='ocrx_word' id='word_1_54' title='bbox 874 502 939 533; x_wconf 89' lang='lat' dir='ltr'>est,</span> <span class='ocrx_word' id='word_1_55' title='bbox 963 507 1078 527; x_wconf 87' lang='lat' dir='ltr'>sensus</span> <span class='ocrx_word' id='word_1_56' title='bbox 1100 493 1192 526; x_wconf 88' lang='lat' dir='ltr'>vivos</span> <span class='ocrx_word' id='word_1_57' title='bbox 1217 502 1250 525; x_wconf 88' lang='lat' dir='ltr'>et</span> <span class='ocrx_word' id='word_1_58' title='bbox 1271 491 1340 537; x_wconf 86' lang='lat' dir='ltr'>spi—</span> 
     </span>
     <span class='ocr_line' id='line_1_8' title="bbox 200 555 1341 599; baseline 0 -12"><span class='ocrx_word' id='word_1_59' title='bbox 200 555 335 588; x_wconf 69' lang='lat' dir='ltr'>rituales</span> <span class='ocrx_word' id='word_1_60' title='bbox 359 567 431 587; x_wconf 90' lang='lat' dir='ltr'>non</span> <span class='ocrx_word' id='word_1_61' title='bbox 455 564 568 598; x_wconf 82' lang='lat' dir='ltr'>potest</span> <span class='ocrx_word' id='word_1_62' title='bbox 591 568 762 597; x_wconf 86' lang='lat' dir='ltr'>generare,</span> <span class='ocrx_word' id='word_1_63' title='bbox 787 568 948 597; x_wconf 85' lang='lat' dir='ltr'>generare</span> <span class='ocrx_word' id='word_1_64' title='bbox 971 566 1084 588; x_wconf 84' lang='lat' dir='ltr'>tamen</span> <span class='ocrx_word' id='word_1_65' title='bbox 1107 564 1219 599; x_wconf 87' lang='lat' dir='ltr'>potest</span> <span class='ocrx_word' id='word_1_66' title='bbox 1236 567 1341 599; x_wconf 84' lang='lat' dir='ltr'>opera</span> 
     </span>
     <span class='ocr_line' id='line_1_9' title="bbox 202 616 1341 661; baseline -0.001 -12"><span class='ocrx_word' id='word_1_67' title='bbox 202 626 234 649; x_wconf 90' lang='lat' dir='ltr'>et</span> <span class='ocrx_word' id='word_1_68' title='bbox 257 626 368 656; x_wconf 87' lang='lat' dir='ltr'>actus,</span> <span class='ocrx_word' id='word_1_69' title='bbox 391 629 477 661; x_wconf 87' lang='lat' dir='ltr'>quae</span> <span class='ocrx_word' id='word_1_70' title='bbox 501 625 581 649; x_wconf 90' lang='lat' dir='ltr'>sunt</span> <span class='ocrx_word' id='word_1_71' title='bbox 604 616 820 660; x_wconf 83' lang='lat' dir='ltr'>simplicioris</span> <span class='ocrx_word' id='word_1_72' title='bbox 846 616 930 650; x_wconf 79' lang='lat' dir='ltr'>vitae</span> <span class='ocrx_word' id='word_1_73' title='bbox 953 616 1146 651; x_wconf 84' lang='lat' dir='ltr'>ministeria.</span> <span class='ocrx_word' id='word_1_74' title='bbox 1194 616 1239 648; x_wconf 78' lang='lat' dir='ltr'>Et</span> <span class='ocrx_word' id='word_1_75' title='bbox 1261 616 1341 649; x_wconf 82' lang='lat' dir='ltr'>ideo</span> 
     </span>
     <span class='ocr_line' id='line_1_10' title="bbox 202 677 1340 723; baseline -0.001 -12"><span class='ocrx_word' id='word_1_76' title='bbox 202 679 349 711; x_wconf 84' lang='lat' dir='ltr'>ostendit</span> <span class='ocrx_word' id='word_1_77' title='bbox 365 677 402 711; x_wconf 90' lang='lat' dir='ltr'>in</span> <span class='ocrx_word' id='word_1_78' title='bbox 426 677 475 711; x_wconf 82' lang='lat' dir='ltr'>his</span> <span class='ocrx_word' id='word_1_79' title='bbox 488 677 527 723; x_wconf 82' lang='lat'>²)</span> <span class='ocrx_word' id='word_1_80' title='bbox 550 678 728 711; x_wconf 88' lang='lat' dir='ltr'>clementia</span> <span class='ocrx_word' id='word_1_81' title='bbox 753 678 837 718; x_wconf 85' lang='lat' dir='ltr'>Dei,</span> <span class='ocrx_word' id='word_1_82' title='bbox 870 680 966 723; x_wconf 88' lang='lat' dir='ltr'>quod</span> <span class='ocrx_word' id='word_1_83' title='bbox 989 677 1243 712; x_wconf 76' lang='lat' dir='ltr'>innocentiores</span> <span class='ocrx_word' id='word_1_84' title='bbox 1267 677 1340 722; x_wconf 90' lang='lat' dir='ltr'>qui-</span> 
     </span>
     <span class='ocr_line' id='line_1_11' title="bbox 202 739 1342 785; baseline 0 -13"><span class='ocrx_word' id='word_1_85' title='bbox 202 753 279 785; x_wconf 86' lang='lat' dir='ltr'><strong>que,</strong></span> <span class='ocrx_word' id='word_1_86' title='bbox 305 739 433 773; x_wconf 82' lang='lat' dir='ltr'>etiamsi</span> <span class='ocrx_word' id='word_1_87' title='bbox 456 752 554 772; x_wconf 82' lang='lat' dir='ltr'>sensu</span> <span class='ocrx_word' id='word_1_88' title='bbox 579 740 747 779; x_wconf 86' lang='lat' dir='ltr'>deficiant,</span> <span class='ocrx_word' id='word_1_89' title='bbox 772 740 968 784; x_wconf 68' lang='lat' dir='ltr'>habeant-⁹³)</span> <span class='ocrx_word' id='word_1_90' title='bbox 989 750 1103 773; x_wconf 88' lang='lat' dir='ltr'>tamen</span> <span class='ocrx_word' id='word_1_91' title='bbox 1118 753 1224 784; x_wconf 86' lang='lat' dir='ltr'>opera</span> <span class='ocrx_word' id='word_1_92' title='bbox 1238 740 1342 779; x_wconf 85' lang='lat' dir='ltr'>bona,</span> 
     </span>
     <span class='ocr_line' id='line_1_12' title="bbox 201 802 1342 843; baseline -0.002 -8"><span class='ocrx_word' id='word_1_93' title='bbox 201 816 273 835; x_wconf 89' lang='lat' dir='ltr'>non</span> <span class='ocrx_word' id='word_1_94' title='bbox 306 802 530 836; x_wconf 80' lang='lat' dir='ltr'>excludantur</span> <span class='ocrx_word' id='word_1_95' title='bbox 560 803 603 834; x_wconf 91' lang='lat' dir='ltr'>ab</span> <span class='ocrx_word' id='word_1_96' title='bbox 635 803 843 836; x_wconf 82' lang='lat' dir='ltr'>haereditate</span> <span class='ocrx_word' id='word_1_97' title='bbox 877 812 1086 836; x_wconf 87' lang='lat' dir='ltr'>sanctorum.</span> <span class='ocrx_word' id='word_1_98' title='bbox 1132 803 1238 835; x_wconf 80' lang='lat' dir='ltr'><strong>Recte</strong></span> <span class='ocrx_word' id='word_1_99' title='bbox 1263 813 1342 843; x_wconf 84' lang='lat' dir='ltr'>ergo</span> 
     </span>
     <span class='ocr_line' id='line_1_13' title="bbox 201 863 748 909; baseline 0.002 -12"><span class='ocrx_word' id='word_1_100' title='bbox 201 866 336 898; x_wconf 87' lang='lat' dir='ltr'>locutae</span> <span class='ocrx_word' id='word_1_101' title='bbox 359 874 438 897; x_wconf 84' lang='lat' dir='ltr'>sunt</span> <span class='ocrx_word' id='word_1_102' title='bbox 460 864 550 897; x_wconf 79' lang='lat' dir='ltr'>filiae</span> <span class='ocrx_word' id='word_1_103' title='bbox 575 863 748 909; x_wconf 85' lang='lat' dir='ltr'>Salphaat.</span> 
     </span>
    </p>

    <p class='ocr_par' dir='ltr' id='par_1_4' title="bbox 289 925 1340 970">
     <span class='ocr_line' id='line_1_14' title="bbox 289 925 1340 970; baseline -0.005 -9"><span class='ocrx_word' id='word_1_104' title='bbox 289 928 322 961; x_wconf 82' lang='lat'>2.</span> <span class='ocrx_word' id='word_1_105' title='bbox 370 926 452 959; x_wconf 88' lang='lat' dir='ltr'><strong>Post</strong></span> <span class='ocrx_word' id='word_1_106' title='bbox 485 926 568 958; x_wconf 90' lang='lat' dir='ltr'>haec</span> <span class='ocrx_word' id='word_1_107' title='bbox 598 928 739 970; x_wconf 81' lang='lat' dir='ltr'>ponitur</span> <span class='ocrx_word' id='word_1_108' title='bbox 777 927 827 959; x_wconf 83' lang='lat' dir='ltr'>lex</span> <span class='ocrx_word' id='word_1_109' title='bbox 862 926 925 959; x_wconf 88' lang='lat' dir='ltr'>Dei</span> <span class='ocrx_word' id='word_1_110' title='bbox 961 928 1002 960; x_wconf 89' lang='lat' dir='ltr'>de</span> <span class='ocrx_word' id='word_1_111' title='bbox 1039 925 1268 964; x_wconf 80' lang='lat' dir='ltr'>successione,</span> <span class='ocrx_word' id='word_1_112' title='bbox 1303 934 1340 956; x_wconf 85' lang='lat' dir='ltr'>ut</span> 
     </span>
    </p>
   </div>
   <div class='ocr_carea' id='block_1_4' title="bbox 200 987 1341 1033">
    <p class='ocr_par' dir='ltr' id='par_1_5' title="bbox 200 987 1341 1033">
     <span class='ocr_line' id='line_1_15' title="bbox 200 987 1341 1033; baseline -0.002 -12"><span class='ocrx_word' id='word_1_113' title='bbox 200 989 316 1033; x_wconf 83' lang='lat' dir='ltr'>primo</span> <span class='ocrx_word' id='word_1_114' title='bbox 340 989 440 1027; x_wconf 87' lang='lat' dir='ltr'>filius,</span> <span class='ocrx_word' id='word_1_115' title='bbox 464 988 532 1021; x_wconf 85' lang='lat' dir='ltr'>filia</span> <span class='ocrx_word' id='word_1_116' title='bbox 556 989 707 1020; x_wconf 83' lang='lat' dir='ltr'>secundo</span> <span class='ocrx_word' id='word_1_117' title='bbox 723 987 767 1020; x_wconf 65' lang='lat' dir='ltr'>,in</span> <span class='ocrx_word' id='word_1_118' title='bbox 794 989 870 1021; x_wconf 90' lang='lat' dir='ltr'>loco</span> <span class='ocrx_word' id='word_1_119' title='bbox 894 989 1070 1029; x_wconf 84' lang='lat' dir='ltr'>succedat,</span> <span class='ocrx_word' id='word_1_120' title='bbox 1102 987 1201 1021; x_wconf 81' lang='lat' dir='ltr'>tertio</span> <span class='ocrx_word' id='word_1_121' title='bbox 1226 988 1341 1028; x_wconf 79' lang='lat' dir='ltr'>frater,</span> 
     </span>
    </p>
   </div>
   <div class='ocr_carea' id='block_1_5' title="bbox 202 1049 1373 1096">
    <p class='ocr_par' dir='ltr' id='par_1_6' title="bbox 202 1049 1373 1096">
     <span class='ocr_line' id='line_1_16' title="bbox 202 1049 1373 1096; baseline -0.003 -12"><span class='ocrx_word' id='word_1_122' title='bbox 202 1060 323 1096; x_wconf 88' lang='lat' dir='ltr'>quarto</span> <span class='ocrx_word' id='word_1_123' title='bbox 349 1051 452 1095; x_wconf 85' lang='lat' dir='ltr'>patris</span> <span class='ocrx_word' id='word_1_124' title='bbox 475 1050 586 1082; x_wconf 81' lang='lat' dir='ltr'>frater.</span> <span class='ocrx_word' id='word_1_125' title='bbox 635 1049 784 1092; x_wconf 78' lang='lat' dir='ltr'>Quintus</span> <span class='ocrx_word' id='word_1_126' title='bbox 807 1064 887 1083; x_wconf 81' lang='lat' dir='ltr'>vero</span> <span class='ocrx_word' id='word_1_127' title='bbox 912 1051 1033 1093; x_wconf 84' lang='lat' dir='ltr'>gradus</span> <span class='ocrx_word' id='word_1_128' title='bbox 1050 1061 1177 1082; x_wconf 81' lang='lat' dir='ltr'>certum</span> <span class='ocrx_word' id='word_1_129' title='bbox 1194 1049 1341 1093; x_wconf 81' lang='lat' dir='ltr'>aliquem</span> <span class='ocrx_word' id='word_1_130' title='bbox 1370 1073 1373 1075; x_wconf 95' lang='lat'>-</span> 
     </span>
    </p>
   </div>
   <div class='ocr_carea' id='block_1_6' title="bbox 200 1110 1343 1342">
    <p class='ocr_par' dir='ltr' id='par_1_7' title="bbox 200 1110 1343 1342">
     <span class='ocr_line' id='line_1_17' title="bbox 200 1110 1341 1156; baseline -0.001 -12"><span class='ocrx_word' id='word_1_131' title='bbox 200 1126 273 1145; x_wconf 89' lang='lat' dir='ltr'>non</span> <span class='ocrx_word' id='word_1_132' title='bbox 305 1111 473 1153; x_wconf 83' lang='lat' dir='ltr'>designat,</span> <span class='ocrx_word' id='word_1_133' title='bbox 503 1111 560 1144; x_wconf 87' lang='lat' dir='ltr'>sed</span> <span class='ocrx_word' id='word_1_134' title='bbox 596 1110 745 1156; x_wconf 83' lang='lat' dir='ltr'>quisquis</span> <span class='ocrx_word' id='word_1_135' title='bbox 763 1111 799 1155; x_wconf 74' lang='lat'>⁴)</span> <span class='ocrx_word' id='word_1_136' title='bbox 830 1112 879 1145; x_wconf 90' lang='lat' dir='ltr'>illi</span> <span class='ocrx_word' id='word_1_137' title='bbox 911 1111 1144 1156; x_wconf 80' lang='lat' dir='ltr'>propinquior</span> <span class='ocrx_word' id='word_1_138' title='bbox 1175 1125 1214 1144; x_wconf 87' lang='lat' dir='ltr'>ex</span> <span class='ocrx_word' id='word_1_139' title='bbox 1246 1110 1341 1143; x_wconf 81' lang='lat' dir='ltr'>omni</span> 
     </span>
     <span class='ocr_line' id='line_1_18' title="bbox 201 1172 1342 1218; baseline -0.003 -12"><span class='ocrx_word' id='word_1_140' title='bbox 201 1174 328 1207; x_wconf 82' lang='lat' dir='ltr'>familia</span> <span class='ocrx_word' id='word_1_141' title='bbox 353 1173 471 1212; x_wconf 77' lang='lat' dir='ltr'>fuerit,</span> <span class='ocrx_word' id='word_1_142' title='bbox 502 1182 539 1205; x_wconf 85' lang='lat' dir='ltr'>ut</span> <span class='ocrx_word' id='word_1_143' title='bbox 569 1173 641 1216; x_wconf 82' lang='lat' dir='ltr'>ipse</span> <span class='ocrx_word' id='word_1_144' title='bbox 663 1174 830 1206; x_wconf 74' lang='lat' dir='ltr'>succedat.</span> <span class='ocrx_word' id='word_1_145' title='bbox 878 1173 917 1206; x_wconf 86' lang='lat' dir='ltr'>In</span> <span class='ocrx_word' id='word_1_146' title='bbox 942 1173 1040 1218; x_wconf 79' lang='lat' dir='ltr'>hi55)</span> <span class='ocrx_word' id='word_1_147' title='bbox 1065 1183 1133 1206; x_wconf 86' lang='lat' dir='ltr'>tam</span> <span class='ocrx_word' id='word_1_148' title='bbox 1158 1172 1287 1213; x_wconf 81' lang='lat' dir='ltr'>integer</span> <span class='ocrx_word' id='word_1_149' title='bbox 1311 1181 1342 1204; x_wconf 85' lang='lat' dir='ltr'>et</span> 
     </span>
     <span class='ocr_line' id='line_1_19' title="bbox 200 1233 1343 1281; baseline -0.003 -12"><span class='ocrx_word' id='word_1_150' title='bbox 200 1238 369 1281; x_wconf 72' lang='lat' dir='ltr'>perfectus</span> <span class='ocrx_word' id='word_1_151' title='bbox 397 1244 444 1268; x_wconf 82' lang='lat' dir='ltr'>est</span> <span class='ocrx_word' id='word_1_152' title='bbox 468 1233 628 1268; x_wconf 75' lang='lat' dir='ltr'>historiae</span> <span class='ocrx_word' id='word_1_153' title='bbox 651 1249 782 1276; x_wconf 85' lang='lat' dir='ltr'>sensus,</span> <span class='ocrx_word' id='word_1_154' title='bbox 819 1245 857 1268; x_wconf 91' lang='lat' dir='ltr'>ut</span> <span class='ocrx_word' id='word_1_155' title='bbox 885 1235 970 1268; x_wconf 83' lang='lat' dir='ltr'>nihil</span> <span class='ocrx_word' id='word_1_156' title='bbox 993 1235 1167 1280; x_wconf 80' lang='lat' dir='ltr'>requirere</span> <span class='ocrx_word' id='word_1_157' title='bbox 1189 1233 1343 1267; x_wconf 79' lang='lat' dir='ltr'>videatur</span> 
     </span>
     <span class='ocr_line' id='line_1_20' title="bbox 202 1295 1341 1342; baseline -0.001 -13"><span class='ocrx_word' id='word_1_158' title='bbox 202 1296 463 1341; x_wconf 80' lang='lat' dir='ltr'>extrinsecus.⁵)</span> <span class='ocrx_word' id='word_1_159' title='bbox 513 1296 646 1329; x_wconf 85' lang='lat' dir='ltr'>Tamen</span> <span class='ocrx_word' id='word_1_160' title='bbox 677 1298 703 1330; x_wconf 85' lang='lat' dir='ltr'>si</span> <span class='ocrx_word' id='word_1_161' title='bbox 736 1296 809 1341; x_wconf 86' lang='lat' dir='ltr'>quis</span> <span class='ocrx_word' id='word_1_162' title='bbox 833 1298 922 1330; x_wconf 83' lang='lat' dir='ltr'>bene</span> <span class='ocrx_word' id='word_1_163' title='bbox 946 1297 981 1330; x_wconf 85' lang='lat' dir='ltr'>in</span> <span class='ocrx_word' id='word_1_164' title='bbox 1005 1295 1237 1342; x_wconf 71' lang='lat' dir='ltr'>spiritualibus</span> <span class='ocrx_word' id='word_1_165' title='bbox 1259 1296 1341 1336; x_wconf 84' lang='lat' dir='ltr'>legi-</span> 
     </span>
    </p>
   </div>
   <div class='ocr_carea' id='block_1_7' title="bbox 200 1357 1342 1403">
    <p class='ocr_par' dir='ltr' id='par_1_8' title="bbox 200 1357 1342 1403">
     <span class='ocr_line' id='line_1_21' title="bbox 200 1357 1342 1403; baseline -0.001 -13"><span class='ocrx_word' id='word_1_166' title='bbox 200 1359 265 1390; x_wconf 87' lang='lat' dir='ltr'>bus</span> <span class='ocrx_word' id='word_1_167' title='bbox 297 1358 447 1391; x_wconf 85' lang='lat' dir='ltr'>eruditus</span> <span class='ocrx_word' id='word_1_168' title='bbox 477 1367 543 1397; x_wconf 86' lang='lat' dir='ltr'>est,</span> <span class='ocrx_word' id='word_1_169' title='bbox 580 1368 611 1391; x_wconf 87' lang='lat' dir='ltr'>et</span> <span class='ocrx_word' id='word_1_170' title='bbox 640 1358 798 1403; x_wconf 86' lang='lat' dir='ltr'>pleniore</span> <span class='ocrx_word' id='word_1_171' title='bbox 826 1360 986 1392; x_wconf 84' lang='lat' dir='ltr'>scientiae</span> <span class='ocrx_word' id='word_1_172' title='bbox 1015 1358 1145 1392; x_wconf 85' lang='lat' dir='ltr'>lumine</span> <span class='ocrx_word' id='word_1_173' title='bbox 1182 1357 1342 1397; x_wconf 77' lang='lat' dir='ltr'>radiatus,</span> 
     </span>
    </p>
   </div>
   <div class='ocr_carea' id='block_1_8' title="bbox 200 1411 1355 1464">
    <p class='ocr_par' dir='ltr' id='par_1_9' title="bbox 200 1411 1355 1464">
     <span class='ocr_line' id='line_1_22' title="bbox 200 1411 1355 1464; baseline -0.002 -11"><span class='ocrx_word' id='word_1_174' title='bbox 200 1421 258 1453; x_wconf 85' lang='lat' dir='ltr'>ille</span> <span class='ocrx_word' id='word_1_175' title='bbox 288 1429 402 1464; x_wconf 83' lang='lat' dir='ltr'>potest</span> <span class='ocrx_word' id='word_1_176' title='bbox 433 1420 618 1462; x_wconf 82' lang='lat' dir='ltr'>intelligere</span> <span class='ocrx_word' id='word_1_177' title='bbox 649 1420 796 1453; x_wconf 82' lang='lat' dir='ltr'>diversos</span> <span class='ocrx_word' id='word_1_178' title='bbox 829 1420 910 1453; x_wconf 89' lang='lat' dir='ltr'>istos</span> <span class='ocrx_word' id='word_1_179' title='bbox 933 1419 1185 1453; x_wconf 83' lang='lat' dir='ltr'>successionum</span> <span class='ocrx_word' id='word_1_180' title='bbox 1209 1411 1355 1461; x_wconf 60' lang='lat' dir='ltr'>gradus,&#39;</span> 
     </span>
    </p>
   </div>
   <div class='ocr_carea' id='block_1_9' title="bbox 201 1481 1342 1773">
    <p class='ocr_par' dir='ltr' id='par_1_10' title="bbox 201 1481 1342 1773">
     <span class='ocr_line' id='line_1_23' title="bbox 201 1481 1342 1526; baseline -0.001 -11"><span class='ocrx_word' id='word_1_181' title='bbox 201 1490 233 1515; x_wconf 91' lang='lat' dir='ltr'>et</span> <span class='ocrx_word' id='word_1_182' title='bbox 256 1483 435 1526; x_wconf 89' lang='lat' dir='ltr'>quomodo</span> <span class='ocrx_word' id='word_1_183' title='bbox 458 1482 588 1526; x_wconf 87' lang='lat' dir='ltr'>primus</span> <span class='ocrx_word' id='word_1_184' title='bbox 611 1481 654 1515; x_wconf 87' lang='lat' dir='ltr'>sit</span> <span class='ocrx_word' id='word_1_185' title='bbox 677 1482 937 1525; x_wconf 86' lang='lat' dir='ltr'>consequendae</span> <span class='ocrx_word' id='word_1_186' title='bbox 961 1481 1114 1515; x_wconf 82' lang='lat' dir='ltr'>coelestis</span> <span class='ocrx_word' id='word_1_187' title='bbox 1128 1481 1342 1514; x_wconf 82' lang='lat' dir='ltr'>haereditatis</span> 
     </span>
     <span class='ocr_line' id='line_1_24' title="bbox 201 1543 1340 1588; baseline 0 -13"><span class='ocrx_word' id='word_1_188' title='bbox 201 1545 342 1586; x_wconf 75' lang='lat' dir='ltr'>gradus,</span> <span class='ocrx_word' id='word_1_189' title='bbox 372 1544 549 1577; x_wconf 89' lang='lat' dir='ltr'>doctrinae</span> <span class='ocrx_word' id='word_1_190' title='bbox 582 1554 613 1576; x_wconf 89' lang='lat' dir='ltr'>et</span> <span class='ocrx_word' id='word_1_191' title='bbox 640 1543 800 1576; x_wconf 81' lang='lat' dir='ltr'>scientiae</span> <span class='ocrx_word' id='word_1_192' title='bbox 831 1544 973 1582; x_wconf 83' lang='lat' dir='ltr'>merito,</span> <span class='ocrx_word' id='word_1_193' title='bbox 1005 1544 1063 1588; x_wconf 90' lang='lat' dir='ltr'>qui</span> <span class='ocrx_word' id='word_1_194' title='bbox 1096 1553 1145 1576; x_wconf 84' lang='lat' dir='ltr'>est</span> <span class='ocrx_word' id='word_1_195' title='bbox 1172 1543 1340 1576; x_wconf 86' lang='lat' dir='ltr'>masculus</span> 
     </span>
     <span class='ocr_line' id='line_1_25' title="bbox 202 1604 1339 1650; baseline 0 -13"><span class='ocrx_word' id='word_1_196' title='bbox 202 1605 306 1638; x_wconf 82' lang='lat' dir='ltr'>filius:</span> <span class='ocrx_word' id='word_1_197' title='bbox 332 1607 500 1639; x_wconf 88' lang='lat' dir='ltr'>secundus</span> <span class='ocrx_word' id='word_1_198' title='bbox 525 1619 667 1650; x_wconf 89' lang='lat' dir='ltr'>operum</span> <span class='ocrx_word' id='word_1_199' title='bbox 679 1605 924 1649; x_wconf 73' lang='lat' dir='ltr'>praerogativa,</span> <span class='ocrx_word' id='word_1_200' title='bbox 949 1618 1036 1649; x_wconf 85' lang='lat' dir='ltr'>quae</span> <span class='ocrx_word' id='word_1_201' title='bbox 1052 1604 1121 1638; x_wconf 81' lang='lat' dir='ltr'>filia</span> <span class='ocrx_word' id='word_1_202' title='bbox 1137 1614 1199 1638; x_wconf 88' lang='lat' dir='ltr'>est:</span> <span class='ocrx_word' id='word_1_203' title='bbox 1222 1604 1339 1638; x_wconf 78' lang='lat' dir='ltr'>tertius</span> 
     </span>
     <span class='ocr_line' id='line_1_26' title="bbox 203 1658 1338 1713; baseline -0.001 -14"><span class='ocrx_word' id='word_1_204' title='bbox 203 1668 447 1712; x_wconf 79' lang='lat' dir='ltr'>compassionis</span> <span class='ocrx_word' id='word_1_205' title='bbox 472 1666 614 1713; x_wconf 78' lang='lat' dir='ltr'>alicujus</span> <span class='ocrx_word' id='word_1_206' title='bbox 638 1677 669 1699; x_wconf 88' lang='lat' dir='ltr'>et</span> <span class='ocrx_word' id='word_1_207' title='bbox 692 1665 905 1706; x_wconf 83' lang='lat' dir='ltr'>imitationis,</span> <span class='ocrx_word' id='word_1_208' title='bbox 927 1676 1071 1711; x_wconf 86' lang='lat' dir='ltr'>propter</span> <span class='ocrx_word' id='word_1_209' title='bbox 1095 1667 1191 1711; x_wconf 87' lang='lat' dir='ltr'>quod</span> <span class='ocrx_word' id='word_1_210' title='bbox 1215 1658 1247 1699; x_wconf 87' lang='lat' dir='ltr'>et</span> <span class='ocrx_word' id='word_1_211' title='bbox 1270 1668 1338 1699; x_wconf 85' lang='lat' dir='ltr'>sra—</span> 
     </span>
     <span class='ocr_line' id='line_1_27' title="bbox 202 1727 1338 1773; baseline -0.003 -11"><span class='ocrx_word' id='word_1_212' title='bbox 202 1741 251 1762; x_wconf 84' lang='lat' dir='ltr'>ter</span> <span class='ocrx_word' id='word_1_213' title='bbox 273 1730 479 1763; x_wconf 84' lang='lat' dir='ltr'>nominatur.</span> <span class='ocrx_word' id='word_1_214' title='bbox 528 1730 617 1763; x_wconf 90' lang='lat' dir='ltr'>Sunt</span> <span class='ocrx_word' id='word_1_215' title='bbox 637 1729 727 1761; x_wconf 81' lang='lat' dir='ltr'>enim</span> <span class='ocrx_word' id='word_1_216' title='bbox 751 1727 930 1768; x_wconf 87' lang='lat' dir='ltr'>nonnulli,</span> <span class='ocrx_word' id='word_1_217' title='bbox 963 1728 1021 1771; x_wconf 86' lang='lat' dir='ltr'>qui</span> <span class='ocrx_word' id='word_1_218' title='bbox 1049 1737 1171 1773; x_wconf 88' lang='lat' dir='ltr'>sponte</span> <span class='ocrx_word' id='word_1_219' title='bbox 1201 1727 1338 1772; x_wconf 86' lang='lat' dir='ltr'>quidem</span> 
     </span>
    </p>
   </div>
   <div class='ocr_carea' id='block_1_10' title="bbox 202 1789 1340 1836">
    <p class='ocr_par' dir='ltr' id='par_1_11' title="bbox 202 1789 1340 1836">
     <span class='ocr_line' id='line_1_28' title="bbox 202 1789 1340 1836; baseline -0.001 -13"><span class='ocrx_word' id='word_1_220' title='bbox 202 1804 278 1831; x_wconf 86' lang='lat' dir='ltr'>sua,</span> <span class='ocrx_word' id='word_1_221' title='bbox 313 1801 344 1824; x_wconf 88' lang='lat' dir='ltr'>et</span> <span class='ocrx_word' id='word_1_222' title='bbox 366 1790 511 1836; x_wconf 85' lang='lat' dir='ltr'>proprio</span> <span class='ocrx_word' id='word_1_223' title='bbox 537 1790 711 1824; x_wconf 86' lang='lat' dir='ltr'>intellectu</span> <span class='ocrx_word' id='word_1_224' title='bbox 735 1790 820 1823; x_wconf 85' lang='lat' dir='ltr'>nihil</span> <span class='ocrx_word' id='word_1_225' title='bbox 845 1799 962 1833; x_wconf 85' lang='lat' dir='ltr'>agunt,</span> <span class='ocrx_word' id='word_1_226' title='bbox 991 1789 1093 1834; x_wconf 84' lang='lat' dir='ltr'>positi</span> <span class='ocrx_word' id='word_1_227' title='bbox 1116 1799 1229 1822; x_wconf 84' lang='lat' dir='ltr'>tamen</span> <span class='ocrx_word' id='word_1_228' title='bbox 1251 1789 1340 1822; x_wconf 76' lang='lat' dir='ltr'>inter</span> 
     </span>
    </p>
   </div>
   <div class='ocr_carea' id='block_1_11' title="bbox 202 1947 1338 2318">
    <p class='ocr_par' dir='ltr' id='par_1_12' title="bbox 297 1947 777 1993">
     <span class='ocr_line' id='line_1_29' title="bbox 297 1947 777 1993; baseline -0.002 -11"><span class='ocrx_word' id='word_1_229' title='bbox 297 1949 331 1993; x_wconf 85' lang='lat'>¹)</span> <span class='ocrx_word' id='word_1_230' title='bbox 355 1949 419 1983; x_wconf 88' lang='lat' dir='ltr'>Ed.</span> <span class='ocrx_word' id='word_1_231' title='bbox 443 1948 552 1982; x_wconf 86' lang='lat' dir='ltr'>Ruaei</span> <span class='ocrx_word' id='word_1_232' title='bbox 574 1949 663 1983; x_wconf 87' lang='lat' dir='ltr'>sola:</span> <span class='ocrx_word' id='word_1_233' title='bbox 689 1947 777 1993; x_wconf 54' lang='lat' dir='ltr'>quia„</span> 
     </span>
    </p>

    <p class='ocr_par' dir='ltr' id='par_1_13' title="bbox 293 2005 700 2048">
     <span class='ocr_line' id='line_1_30' title="bbox 293 2005 700 2048; baseline 0.002 -11"><span class='ocrx_word' id='word_1_234' title='bbox 293 2005 330 2048; x_wconf 77' lang='grc'>2)</span> <span class='ocrx_word' id='word_1_235' title='bbox 356 2006 444 2039; x_wconf 89' lang='lat' dir='ltr'>Edd.</span> <span class='ocrx_word' id='word_1_236' title='bbox 470 2005 627 2038; x_wconf 84' lang='lat' dir='ltr'>Merlini:</span> <span class='ocrx_word' id='word_1_237' title='bbox 650 2005 700 2038; x_wconf 85' lang='lat' dir='ltr'>iis.</span> 
     </span>
    </p>

    <p class='ocr_par' dir='ltr' id='par_1_14' title="bbox 202 2060 1338 2139">
     <span class='ocr_line' id='line_1_31' title="bbox 293 2060 1338 2104; baseline -0.004 -9"><span class='ocrx_word' id='word_1_238' title='bbox 293 2060 331 2104; x_wconf 85' lang='lat'>³)</span> <span class='ocrx_word' id='word_1_239' title='bbox 353 2062 419 2095; x_wconf 76' lang='lat' dir='ltr'>Ed.</span> <span class='ocrx_word' id='word_1_240' title='bbox 444 2062 552 2094; x_wconf 86' lang='lat' dir='ltr'>Ruaei</span> <span class='ocrx_word' id='word_1_241' title='bbox 581 2062 671 2095; x_wconf 82' lang='lat' dir='ltr'>sola:</span> <span class='ocrx_word' id='word_1_242' title='bbox 707 2062 835 2094; x_wconf 78' lang='lat' dir='ltr'>habent</span> <span class='ocrx_word' id='word_1_243' title='bbox 864 2069 976 2093; x_wconf 85' lang='lat' dir='ltr'>tamen</span> <span class='ocrx_word' id='word_1_244' title='bbox 1003 2071 1106 2103; x_wconf 86' lang='lat' dir='ltr'>opera</span> <span class='ocrx_word' id='word_1_245' title='bbox 1131 2060 1243 2098; x_wconf 84' lang='lat' dir='ltr'>bona,</span> <span class='ocrx_word' id='word_1_246' title='bbox 1267 2072 1338 2091; x_wconf 87' lang='lat' dir='ltr'>non</span> 
     </span>
     <span class='ocr_line' id='line_1_32' title="bbox 202 2106 513 2139; baseline 0.003 -1"><span class='ocrx_word' id='word_1_247' title='bbox 202 2106 429 2139; x_wconf 69' lang='lat' dir='ltr'>excluduntur</span> <span class='ocrx_word' id='word_1_248' title='bbox 451 2117 513 2139; x_wconf 87' lang='lat' dir='ltr'>etc.</span> 
     </span>
    </p>

    <p class='ocr_par' dir='ltr' id='par_1_15' title="bbox 294 2161 1158 2208">
     <span class='ocr_line' id='line_1_33' title="bbox 294 2161 1158 2208; baseline -0.002 -14"><span class='ocrx_word' id='word_1_249' title='bbox 294 2161 331 2206; x_wconf 63' lang='grc'>4)</span> <span class='ocrx_word' id='word_1_250' title='bbox 355 2162 444 2195; x_wconf 90' lang='lat' dir='ltr'>Edd.</span> <span class='ocrx_word' id='word_1_251' title='bbox 468 2163 606 2196; x_wconf 85' lang='lat' dir='ltr'>Merlini</span> <span class='ocrx_word' id='word_1_252' title='bbox 627 2175 826 2208; x_wconf 86' lang='lat' dir='ltr'>perperam:</span> <span class='ocrx_word' id='word_1_253' title='bbox 850 2162 992 2206; x_wconf 83' lang='lat' dir='ltr'>quisque</span> <span class='ocrx_word' id='word_1_254' title='bbox 1013 2161 1073 2194; x_wconf 80' lang='lat' dir='ltr'>ille</span> <span class='ocrx_word' id='word_1_255' title='bbox 1097 2170 1158 2194; x_wconf 86' lang='lat' dir='ltr'>etc.</span> 
     </span>
    </p>

    <p class='ocr_par' dir='ltr' id='par_1_16' title="bbox 294 2218 694 2261">
     <span class='ocr_line' id='line_1_34' title="bbox 294 2218 694 2261; baseline 0.005 -11"><span class='ocrx_word' id='word_1_256' title='bbox 294 2218 330 2261; x_wconf 69' lang='lat'>5)</span> <span class='ocrx_word' id='word_1_257' title='bbox 354 2218 442 2251; x_wconf 87' lang='lat' dir='ltr'>Edd.</span> <span class='ocrx_word' id='word_1_258' title='bbox 467 2219 622 2252; x_wconf 60' lang='lat' dir='ltr'>Elcrlini:</span> <span class='ocrx_word' id='word_1_259' title='bbox 645 2220 694 2253; x_wconf 83' lang='lat' dir='ltr'>iis.</span> 
     </span>
    </p>

    <p class='ocr_par' dir='ltr' id='par_1_17' title="bbox 295 2271 1337 2318">
     <span class='ocr_line' id='line_1_35' title="bbox 295 2271 1337 2318; baseline -0.007 -7"><span class='ocrx_word' id='word_1_260' title='bbox 295 2275 332 2318; x_wconf 78' lang='lat'>⁶)</span> <span class='ocrx_word' id='word_1_261' title='bbox 357 2275 444 2311; x_wconf 86' lang='lat' dir='ltr'>Cod.</span> <span class='ocrx_word' id='word_1_262' title='bbox 463 2277 567 2308; x_wconf 76' lang='lat' dir='ltr'>sancti</span> <span class='ocrx_word' id='word_1_263' title='bbox 578 2273 1013 2309; x_wconf 64' lang='lat' dir='ltr'>TlieodoriciRhcmensis:</span> <span class='ocrx_word' id='word_1_264' title='bbox 1031 2272 1285 2315; x_wconf 86' lang='lat' dir='ltr'>„intrinsecus.“</span> <span class='ocrx_word' id='word_1_265' title='bbox 1297 2271 1337 2305; x_wconf 86' lang='lat' dir='ltr'>R.</span> 
     </span>
    </p>
   </div>
   <div class='ocr_carea' id='block_1_12' title="bbox 1398 0 1427 2076">
    <p class='ocr_par' dir='ltr' id='par_1_18' title="bbox 1398 0 1427 2076">
     <span class='ocr_line' id='line_1_36' title="bbox 1398 0 1427 2076; textangle 90"><span class='ocrx_word' id='word_1_266' title='bbox 1406 480 1427 2076; x_wconf 44' lang='lat' dir='ltr'>“—ss———ffl--Zlu</span> <span class='ocrx_word' id='word_1_267' title='bbox 1405 443 1422 468; x_wconf 62' lang='lat'><strong><em>‘&#39;⁷‘-</em></strong></span> <span class='ocrx_word' id='word_1_268' title='bbox 1404 108 1421 438; x_wconf 44' lang='grc' dir='ltr'>-ῤ--ὺ--ρ</span> <span class='ocrx_word' id='word_1_269' title='bbox 1400 142 1423 337; x_wconf 33' lang='grc' dir='ltr'>’έ-’ῤ““</span> <span class='ocrx_word' id='word_1_270' title='bbox 1402 124 1404 131; x_wconf 61' lang='grc'><em>“</em></span> <span class='ocrx_word' id='word_1_271' title='bbox 1398 0 1417 106; x_wconf 58' lang='lat'>2:</span> 
     </span>
    </p>
   </div>
  </div>
 </body>
</html>
