1427 2460
328 94 364 117 m
389 84 566 117 Nummos
591 82 752 116 HoivuuA
776 83 902 116 XXVI.
1119 85 1186 120 329

58 174 188 220 pietatis
212 173 398 214 afferimus,
433 172 524 206 arida
549 186 673 207 sumus.
728 173 764 207 Si
797 183 910 207 autem
941 182 1074 206 nosmet
1096 173 1186 218 ipsos

59 235 268 281 coeperimus
296 235 461 274 excolere,
488 243 518 267 et
543 235 585 267 ad
609 235 769 268 virtutum
794 237 925 277 frugem
954 234 1084 268 desides
1115 235 1187 268 ani-

53 311 131 336 ,mos
160 297 334 336 suscitare,
369 305 457 328 terra
487 296 655 330 efficimur
679 310 717 329 cx
748 297 858 337 arida,
893 311 979 341 quae
1003 297 1096 329 verbi
1119 297 1186 330 Dei

57 369 211 404 suscepto
234 358 360 392 semine
383 358 469 389 laeta
493 358 588 399 fruge
612 358 822 402 multiplicet.
883 358 942 392 Est
972 371 1050 400 ergo
1084 371 1185 402 quae-

59 422 137 453 dam
161 421 259 454 etiam
283 420 318 453 in
342 431 446 461 regno
467 418 534 451 Dei
557 428 661 459 terra,
692 432 778 464 quae
802 420 983 453 mansuetis
1006 420 1188 464 repromit-

58 481 154 522 titur,
186 490 217 514 et
250 490 361 520 terra,
396 493 481 524 quae
511 480 692 513 viventium
724 481 939 521 nominatur,
978 490 1010 513 et
1040 490 1127 514 terra
1152 480 1186 513 in

59 543 191 576 excelsis
214 543 340 587 posita,
371 542 414 574 de
437 554 502 586 qua
528 543 571 575 ad
593 540 718 587 justum
750 542 830 575 dicit
860 542 1045 587 propheta:
1079 542 1186 585 ,‚et¹)

59 604 215 638 exaltabit
244 613 290 645 te,
331 612 368 636 ut
400 603 585 636 haeredites
617 607 772 636 terram.“
832 603 929 637 Istius
966 616 1045 644 ergo
1077 612 1187 636 terrae

58 665 316 708 haereditatem,
343 674 561 710 posteaquam
586 665 628 698 de
652 665 773 698 mundi
797 664 897 709 hujus
923 667 1073 711 Aegypto
1101 665 1187 698 exie-

60 728 120 767 rit,
144 727 220 761 Deo
248 728 387 760 credens
410 727 521 760 anima
547 727 780 771 consequitur:
806 736 838 759 et
856 726 936 758 alibi
952 727 1090 770 quidem
1106 726 1188 770 ii2),

60 788 127 836 qui*
148 790 210 821 sub
244 790 315 831 lege
339 787 507 828 vixerunt,
549 788 629 822 alibi
654 797 766 821 autem
791 788 847 832 qui
871 800 933 832 per
956 788 1038 820 Jesu
1063 787 1188 821 Christi

60 850 162 882 fidem
194 858 225 882 et
256 850 395 891 gratiam
429 849 609 894 dispensati
642 859 729 883 sunt.
782 849 1025 882 Verumtamen
1054 848 1095 889 ii,
1131 849 1188 894 qui

58 910 215 943 videntur
235 910 354 955 primi,
379 921 411 944 et
435 924 498 956 per
522 912 642 944 Mosen
667 911 868 956 dispensati,
893 923 966 943 non
989 911 1081 954 prius
1105 924 1188 944 con-

57 981 240 1017 sequentur
264 973 503 1007 haereditatem
534 973 598 1007 sibi
630 974 817 1012 decretam,
853 985 954 1017 quam
980 973 1079 1005 Mose
1104 973 1190 1006 duee

59 1044 270 1076 meruerunt,
296 1035 359 1068 nisi
383 1045 414 1068 et
437 1035 499 1080 ipsi
523 1044 693 1069 transeant
718 1048 794 1067 cum
811 1033 867 1074 iis,
892 1047 976 1078 quos
1000 1033 1096 1067 Jesus
1121 1034 1188 1067 dis-

60 1105 196 1140 pensat,
235 1105 266 1128 et
288 1106 441 1140 pugnent
464 1110 541 1130 cum
565 1097 602 1130 iis
628 1106 746 1130 contra
770 1095 939 1134 inimicos,
964 1104 996 1128 et
1019 1097 1190 1129 collocent

61 1171 118 1190 eos
142 1157 176 1190 in
201 1158 335 1190 sedibus
358 1157 435 1198 suis,
460 1168 489 1191 et
511 1158 556 1192 ita
581 1158 645 1203 ipsi
671 1166 919 1203 consequentur
941 1157 1189 1197 haereditatem,

62 1232 164 1263 quam
189 1219 287 1252 Mose
312 1220 397 1252 duce
423 1229 630 1253 meruerunt.

151 1281 183 1315 6.
221 1280 290 1314 Sed
320 1281 404 1314 haec
435 1281 498 1315 nisi
529 1294 568 1314 ex
597 1280 770 1326 scripturis
795 1280 912 1314 divinis
945 1281 1191 1324 approbentur,

59 1342 196 1375 fabulae
220 1342 436 1376 videbuntur.
494 1343 620 1377 Paulus
655 1356 733 1385 ergo
766 1343 890 1375 horum
923 1343 1134 1386 producatur
1156 1342 1190 1376 iu

60 1403 212 1436 medium
234 1403 379 1436 idoneus
402 1403 510 1445 testis,
535 1404 593 1448 qui
617 1404 652 1437 in
677 1405 818 1449 epistola
843 1404 886 1436 ad
914 1403 1103 1444 Hebraeos,
1132 1405 1191 1437 ubi

62 1464 221 1499 describit
246 1478 365 1498 omnes
386 1465 463 1498 illos
486 1474 616 1510 patres,
655 1475 685 1499 et
715 1465 940 1510 patriarchas,
974 1478 1012 1498 ac
1042 1467 1193 1511 prophe-

61 1538 126 1567 tas,
157 1527 215 1571 qui
239 1540 301 1571 per
323 1527 427 1560 fidem
451 1528 652 1571 placuerunt
675 1528 771 1567 Deo,
801 1535 879 1572 post
901 1527 1192 1561 enumerationem

64 1599 284 1628 cunctorum,
313 1587 348 1620 iu
372 1589 490 1622 ultima
516 1588 738 1623 conclusione
761 1588 807 1622 sic
832 1587 912 1621 dicit
936 1589 978 1620 de
1002 1589 1056 1622 iis:
1089 1591 1192 1633 „et³)

63 1651 87 1684 ii
111 1663 229 1684 omnes
253 1650 447 1683 testimonio
472 1650 552 1683 fidei
575 1660 713 1695 accepto
738 1663 810 1684 non
831 1660 1057 1694 perceperunt
1073 1664 1191 1695 repro-

63 1712 257 1752 missiones,
281 1712 359 1745 Deo
384 1725 449 1757 pro
466 1712 566 1745 nobis
590 1713 710 1745 melius
734 1711 862 1756 aliquid
893 1712 1110 1756 providente,
1144 1713 1193 1746 uti

63 1788 107 1809 ne
130 1775 202 1809 sine
224 1773 324 1807 nobis
349 1777 698 1807 consummarentur.“
745 1773 851 1817 Quasi
870 1773 1021 1806 dicerent
1038 1773 1118 1806 istae
1130 1787 1194 1806 no-

66 1850 141 1870 vem
176 1845 209 1869 et
238 1835 338 1869 semis
370 1835 476 1868 tribus
507 1836 549 1868 de
581 1835 643 1869 illis
675 1836 806 1868 duabus
837 1844 867 1868 et
898 1834 995 1867 semis
1027 1835 1194 1875 tribubus,

67 1898 145 1944 quia
176 1907 358 1943 propterea
390 1911 461 1930 non
495 1906 657 1941 ceperunt
689 1896 929 1941 promissiones
960 1905 1067 1928 terrae
1094 1896 1195 1935 illius,

68 1972 154 2004 quae
175 1959 214 1993 iis
239 1968 328 1992 extra
351 1958 539 1992 Jordanem
563 1972 625 2003 per
647 1959 770 1992 Mosen
795 1960 926 1992 decreta
952 1967 1009 1997 est,
1028 1957 1104 1989 Deo
1130 1971 1192 2002 pro

67 2020 167 2055 nobis
189 2019 317 2065 aliquid
342 2020 460 2055 melius
484 2020 704 2065 providente,
737 2020 785 2054 uti
814 2033 856 2054 ne
885 2019 957 2053 sine
984 2018 1085 2053 nobis
1110 2031 1192 2052 cona

163 2143 198 2186 ¹)
223 2143 347 2176 Psalm.
372 2139 561 2179 XXXVII,
585 2138 638 2173 34.

161 2198 198 2241 ²)
224 2198 310 2231 Edd.
336 2196 492 2231 Merlini:
517 2195 561 2229 hi.

161 2253 199 2298 ³)
223 2253 328 2288 Hebr.
353 2255 420 2296 XI,
443 2254 496 2289 39.
520 2253 572 2287 40.
