1427 2460
248 93 316 130 288
717 97 895 132 omossms

250 187 352 227 enim,
374 186 494 231 inquit,
519 199 633 233 azyma
658 199 735 220 cum
760 186 994 229 amaritudine,
1019 188 1086 222 sive
1111 188 1233 234 pieriis.
1272 191 1379 225 Audis

250 261 349 291 ergo,
373 248 455 293 quid
480 257 587 282 essent
610 248 797 283 festivitates
821 250 903 283 Dei:
936 263 1010 284 non
1033 251 1201 296 recipiunt
1225 252 1378 286 dulcedi-

248 325 328 345 nem
351 310 587 355 corporalem,
608 310 695 343 nihil
718 311 911 353 remissum,
934 311 1021 345 nihil
1045 312 1299 357 voluptuosum,
1323 323 1382 348 aut

247 373 457 408 luxuriosum
480 373 616 412 volunt,
645 372 705 405 sed
729 371 948 406 afflictionem
973 374 1106 408 animae
1130 383 1162 407 et
1185 374 1382 409 amaritudi-

247 449 346 476 nem,
385 433 676 478 humilitatemque
710 435 915 479 deposcunt,
952 436 1030 480 quia
1063 437 1121 481 qui
1151 449 1186 470 se
1216 437 1382 478 humiliat,

246 499 319 544 ipse
342 495 542 530 exaltabitur
565 497 657 540 apud
681 495 805 529 Deum.
852 495 930 529 Hoc
954 510 1032 540 ergo
1059 497 1212 543 deposcit
1242 508 1275 532 et
1297 512 1382 544 pro-

247 559 432 606 pitiationis
458 557 536 592 dies.
586 556 673 590 Cum
699 558 788 591 enim
814 558 939 592 afflicta
963 558 1063 592 fuerit
1087 559 1219 605 anima,
1252 570 1284 594 et
1314 561 1380 594 hu-

246 623 375 655 miliata
398 620 433 652 in
458 629 642 664 conspectu
665 620 828 661 Domini,
852 628 933 652 tunc
959 621 987 653 ei
1011 621 1254 666 repropitiatur
1275 622 1381 663 Deus,

247 693 278 716 et
301 691 383 715 tunc
407 682 450 714 ad
473 694 548 714 cam
572 681 662 715 venit
686 682 752 722 ille,
778 694 879 727 quem
894 681 929 725 ¹)
953 682 1273 727 „proposuit'Deus
1295 696 1380 728 pro-

246 745 439 791 pitiatorem
470 756 532 788 per
559 743 664 777 fidem
701 743 735 776 in
766 744 930 786 sanguine
958 748 1068 784 suo,“
1101 743 1252 779 Christus
1283 745 1381 779 Jesus

245 806 417 841 Dominus
442 815 473 838 et
497 806 671 839 redemtor
693 803 773 851 ejus.
1278 789 1288 799 ι

335 869 387 902 11.
434 867 512 900 Jam
537 879 616 899 vero
641 867 780 900 ultimus
807 867 876 901 dies
899 869 1001 901 festus
1024 867 1093 902 Dei
1124 866 1198 912 quis
1221 867 1278 909 sit,
1309 880 1378 912 quo

245 931 341 964 Deus
365 930 510 963 laetatur
532 927 569 960 in
592 927 741 968 homine,
766 929 947 963 videamus.
987 929 1303 975 ,‚Sceuopegia,“²)
1325 928 1380 962 in-

245 993 328 1038 quit.
375 992 533 1024 Laetatur
551 1002 629 1031 ergo
644 1003 747 1035 super
760 999 802 1031 te,
830 1004 907 1024 cum
931 1000 961 1024 te
978 991 1099 1025 viderit
1113 991 1148 1024 in
1162 992 1227 1024 hoc
1245 990 1378 1023 mundo

243 1056 281 1089 in
306 1052 533 1087 tabernaculis
564 1051 790 1092 habitantem,
823 1065 900 1085 cum
930 1061 964 1086 te
995 1052 1116 1086 viderit
1146 1066 1219 1086 non
1252 1053 1379 1085 habere

244 1116 349 1149 fixum
382 1124 414 1148 et
444 1114 627 1148 fundatum
659 1113 810 1146 animum
835 1127 873 1146 ac
897 1115 1116 1159 propositum
1140 1127 1242 1159 super
1263 1113 1380 1155 ferras,

242 1191 306 1211 nec
330 1177 578 1211 desiderantem
608 1187 696 1220 quae
724 1185 856 1208 terrena
888 1185 984 1216 sunt,
1012 1189 1076 1209 nec
1104 1175 1379 1209 umbram'vitae

243 1239 343 1285 hujus
375 1239 469 1284 quasi
497 1236 744 1283 possessionem
774 1237 952 1282 propriam
983 1247 1015 1271 et
1046 1247 1246 1284 perpetuam
1271 1238 1380 1283 depu-

242 1310 380 1340 tantem,
402 1300 460 1334 sed
484 1300 576 1333 velut
598 1299 635 1332 in
657 1299 799 1332 transitu
822 1299 991 1344 positum,
1023 1309 1054 1332 et
1078 1300 1122 1333 ad
1144 1312 1257 1333 veram
1282 1299 1377 1333 illam

242 1361 397 1408 patriam,
421 1361 514 1394 unde
539 1374 686 1404 egressus
712 1374 756 1401 es,
780 1361 928 1406 paradisi
952 1361 1175 1401 festinantem,
1198 1374 1237 1394 ac
1260 1361 1378 1394 dicen·
1426 1348 1427 1373 ζ

241 1433 323 1457 tem:
349 1422 484 1463 „incola
497 1422 534 1467 ³)
560 1435 621 1464 ego
646 1436 720 1456 sum
745 1431 777 1455 et
799 1422 1005 1465 peregrinus,
1029 1422 1114 1454 sicut
1130 1434 1248 1455 omnes
1265 1431 1377 1467 patres

241 1485 340 1519 mei.“
393 1485 431 1517 In
465 1484 689 1517 tabernaculis
722 1484 812 1517 enim
843 1483 1078 1516 habitaverunt
1119 1492 1151 1516 et
1180 1492 1312 1528 patres,
1346 1492 1378 1516 et

242 1547 416 1581 Abraham
440 1545 476 1578 in
501 1546 637 1586 casulis,
661 1545 698 1579 id
723 1555 778 1586 est,
802 1547 837 1579 in
860 1545 1088 1579 tabernaculis
1111 1544 1274 1578 habitavit
1298 1558 1377 1578 cum

240 1610 334 1642 Isaac
371 1617 404 1641 et
444 1608 571 1647 Jacob,
617 1607 863 1641 cohaeredibus
897 1606 1170 1652 repromissionis
1212 1606 1374 1654 ejusdem.

242 1670 332 1704 Cum
362 1682 441 1712 ergo
472 1669 586 1702 incola
616 1669 738 1709 fueris,
772 1678 804 1701 et
827 1668 1021 1713 peregrinus
1043 1668 1080 1701 in
1103 1667 1217 1708 terris,
1249 1677 1282 1701 et
1303 1681 1377 1701 non

241 1742 289 1766 est
312 1744 407 1765 mens
430 1740 489 1764 tua
513 1730 577 1762 fixa
601 1739 633 1763 et
657 1730 804 1763 radicata
827 1730 864 1763 in
879 1730 1051 1764 desideriis
1065 1739 1292 1769 terrenorum,
1315 1729 1375 1762 sed

239 1803 376 1840 paratus
410 1806 442 1826 es
472 1802 510 1825 ut
541 1791 607 1826 cito
637 1801 801 1832 transeas,
837 1801 869 1824 et
898 1801 1035 1837 paratus
1066 1805 1100 1824 es
1132 1791 1312 1825 extendere
1341 1799 1375 1823 te

238 1868 373 1901 semper
403 1855 446 1887 ad
488 1853 668 1894 interiora,
704 1867 812 1898 usque
850 1867 918 1898 quo
956 1852 1132 1898 pervenias
1170 1853 1214 1886 ad
1247 1861 1373 1886 terram

240 1918 402 1952 fluentem
429 1917 480 1950 lac
514 1925 545 1949 et
577 1916 663 1956 mel,
693 1925 724 1949 et
753 1914 997 1950 haereditatem
1022 1914 1133 1960 capias
1159 1916 1371 1948 futurorum:

333 2120 369 2165 ¹)
393 2119 494 2153 Rom.
518 2119 580 2160 III,
602 2119 658 2155 25.

331 2175 368 2219 ²)
392 2175 480 2208 Edd.
514 2174 653 2208 Merlini
686 2175 755 2208 hoc
789 2176 889 2215 loco,
924 2175 982 2207 cfr.
1017 2186 1091 2219 pag.
1120 2172 1196 2208 279.
1234 2181 1305 2206 not.
1337 2172 1368 2206 1.

239 2220 549 2264 „Scaenophegia.“

329 2276 365 2320 3)
390 2276 511 2309 psam.
538 2274 705 2316 XXXIX,
729 2275 783 2310 12.
830 2274 1065 2319 (xxxvm.)
