<?xml version="1.0" encoding="UTF-8"?>
<!DOCTYPE html PUBLIC "-//W3C//DTD XHTML 1.0 Transitional//EN"
    "http://www.w3.org/TR/xhtml1/DTD/xhtml1-transitional.dtd">
<html xmlns="http://www.w3.org/1999/xhtml" xml:lang="en" lang="en">
 <head>
  <title>
</title>
<meta http-equiv="Content-Type" content="text/html;charset=utf-8" />
  <meta name='ocr-system' content='tesseract 3.04.00' />
  <meta name='ocr-capabilities' content='ocr_page ocr_carea ocr_par ocr_line ocrx_word'/>
</head>
<body>
  <div class='ocr_page' id='page_1' title='image "./operaomniaquaegr10orig/operaomniaquaegr10orig_0355.png"; bbox 0 0 1427 2460; ppageno 0'>
   <div class='ocr_carea' id='block_1_1' title="bbox 304 70 1214 108">
    <p class='ocr_par' dir='ltr' id='par_1_1' title="bbox 304 70 1214 108">
     <span class='ocr_line' id='line_1_1' title="bbox 304 70 1214 108; baseline -0.003 0"><span class='ocrx_word' id='word_1_1' title='bbox 304 84 341 108; x_wconf 77' lang='lat' dir='ltr'><strong>m</strong></span> <span class='ocrx_word' id='word_1_2' title='bbox 365 74 542 107; x_wconf 71' lang='lat' dir='ltr'><strong>Nummos</strong></span> <span class='ocrx_word' id='word_1_3' title='bbox 564 72 724 106; x_wconf 78' lang='lat' dir='ltr'><strong>HommA</strong></span> <span class='ocrx_word' id='word_1_4' title='bbox 751 71 893 106; x_wconf 85' lang='lat' dir='ltr'>XXVII.</span> <span class='ocrx_word' id='word_1_5' title='bbox 1101 71 1168 107; x_wconf 83' lang='lat'><strong>333</strong></span> <span class='ocrx_word' id='word_1_6' title='bbox 1209 70 1214 76; x_wconf 91' lang='lat'><strong><em>‘</em></strong></span> 
     </span>
    </p>
   </div>
   <div class='ocr_carea' id='block_1_2' title="bbox 0 155 1175 1990">
    <p class='ocr_par' dir='ltr' id='par_1_2' title="bbox 0 155 1175 1990">
     <span class='ocr_line' id='line_1_2' title="bbox 0 155 1168 207; baseline -0.003 -7"><span class='ocrx_word' id='word_1_7' title='bbox 0 155 2 201; x_wconf 66' lang='lat' dir='ltr'><strong>l</strong></span> <span class='ocrx_word' id='word_1_8' title='bbox 40 165 141 199; x_wconf 65' lang='lat' dir='ltr'><strong>Unde</strong></span> <span class='ocrx_word' id='word_1_9' title='bbox 165 165 207 199; x_wconf 88' lang='lat' dir='ltr'><strong>ad</strong></span> <span class='ocrx_word' id='word_1_10' title='bbox 231 163 483 198; x_wconf 84' lang='lat' dir='ltr'><strong>similitudinem</strong></span> <span class='ocrx_word' id='word_1_11' title='bbox 508 161 696 207; x_wconf 83' lang='lat' dir='ltr'><strong>corporalis</strong></span> <span class='ocrx_word' id='word_1_12' title='bbox 713 163 855 207; x_wconf 86' lang='lat' dir='ltr'><strong>exempli</strong></span> <span class='ocrx_word' id='word_1_13' title='bbox 880 172 926 196; x_wconf 86' lang='lat' dir='ltr'><strong>est</strong></span> <span class='ocrx_word' id='word_1_14' title='bbox 944 163 977 207; x_wconf 90' lang='lat'><strong>¹)</strong></span> <span class='ocrx_word' id='word_1_15' title='bbox 1001 162 1168 207; x_wconf 77' lang='lat' dir='ltr'>aliquibus</span> 
     </span>
     <span class='ocr_line' id='line_1_3' title="bbox 0 223 1169 277; baseline -0.003 -17"><span class='ocrx_word' id='word_1_16' title='bbox 0 233 1 277; x_wconf 48' lang='grc' dir='ltr'>ᾗ</span> <span class='ocrx_word' id='word_1_17' title='bbox 39 227 140 260; x_wconf 79' lang='lat' dir='ltr'><strong>etiam</strong></span> <span class='ocrx_word' id='word_1_18' title='bbox 163 227 197 260; x_wconf 89' lang='lat' dir='ltr'><strong>iu</strong></span> <span class='ocrx_word' id='word_1_19' title='bbox 222 228 324 260; x_wconf 87' lang='lat' dir='ltr'><strong>verbo</strong></span> <span class='ocrx_word' id='word_1_20' title='bbox 349 225 416 258; x_wconf 77' lang='lat' dir='ltr'><strong>Dei</strong></span> <span class='ocrx_word' id='word_1_21' title='bbox 442 224 533 258; x_wconf 87' lang='lat' dir='ltr'><strong>cibus</strong></span> <span class='ocrx_word' id='word_1_22' title='bbox 557 223 670 257; x_wconf 85' lang='lat' dir='ltr'><strong>lactis:</strong></span> <span class='ocrx_word' id='word_1_23' title='bbox 708 224 857 269; x_wconf 73' lang='lat' dir='ltr'><strong>apertior</strong></span> <span class='ocrx_word' id='word_1_24' title='bbox 887 224 1011 258; x_wconf 86' lang='lat' dir='ltr'><strong>scilicet</strong></span> <span class='ocrx_word' id='word_1_25' title='bbox 1039 224 1169 269; x_wconf 88' lang='lat' dir='ltr'><strong>simpli-</strong></span> 
     </span>
     <span class='ocr_line' id='line_1_4' title="bbox 0 285 1168 333; baseline -0.001 -12"><span class='ocrx_word' id='word_1_26' title='bbox 0 303 1 326; x_wconf 73' lang='grc'>;</span> <span class='ocrx_word' id='word_1_27' title='bbox 41 289 179 333; x_wconf 86' lang='lat' dir='ltr'><strong>ciorque</strong></span> <span class='ocrx_word' id='word_1_28' title='bbox 204 287 373 325; x_wconf 82' lang='lat' dir='ltr'><strong>doctrina,</strong></span> <span class='ocrx_word' id='word_1_29' title='bbox 397 295 435 318; x_wconf 89' lang='lat' dir='ltr'><strong>ut</strong></span> <span class='ocrx_word' id='word_1_30' title='bbox 459 287 501 318; x_wconf 89' lang='lat' dir='ltr'><strong>de</strong></span> <span class='ocrx_word' id='word_1_31' title='bbox 523 285 710 319; x_wconf 78' lang='lat' dir='ltr'><strong>moralibus</strong></span> <span class='ocrx_word' id='word_1_32' title='bbox 735 298 804 318; x_wconf 81' lang='lat' dir='ltr'><strong>esse</strong></span> <span class='ocrx_word' id='word_1_33' title='bbox 825 287 928 326; x_wconf 83' lang='lat' dir='ltr'><strong>solet,</strong></span> <span class='ocrx_word' id='word_1_34' title='bbox 960 299 1045 330; x_wconf 84' lang='lat' dir='ltr'><strong>quae</strong></span> <span class='ocrx_word' id='word_1_35' title='bbox 1069 299 1168 331; x_wconf 76' lang='lat' dir='ltr'><strong>prae.-</strong></span> 
     </span>
     <span class='ocr_line' id='line_1_5' title="bbox 38 346 1169 391; baseline 0 -11"><span class='ocrx_word' id='word_1_36' title='bbox 38 347 113 381; x_wconf 89' lang='lat' dir='ltr'><strong>beri</strong></span> <span class='ocrx_word' id='word_1_37' title='bbox 137 347 307 382; x_wconf 81' lang='lat' dir='ltr'><strong>consuevit</strong></span> <span class='ocrx_word' id='word_1_38' title='bbox 328 347 385 388; x_wconf 82' lang='lat' dir='ltr'><strong>iis,</strong></span> <span class='ocrx_word' id='word_1_39' title='bbox 418 347 476 391; x_wconf 85' lang='lat' dir='ltr'><strong>qui</strong></span> <span class='ocrx_word' id='word_1_40' title='bbox 500 346 592 380; x_wconf 83' lang='lat' dir='ltr'><strong>initia</strong></span> <span class='ocrx_word' id='word_1_41' title='bbox 616 347 742 380; x_wconf 81' lang='lat' dir='ltr'><strong>habent</strong></span> <span class='ocrx_word' id='word_1_42' title='bbox 765 346 799 379; x_wconf 89' lang='lat' dir='ltr'><strong>in</strong></span> <span class='ocrx_word' id='word_1_43' title='bbox 825 347 944 381; x_wconf 83' lang='lat' dir='ltr'><strong>divinis</strong></span> <span class='ocrx_word' id='word_1_44' title='bbox 973 347 1107 388; x_wconf 84' lang='lat' dir='ltr'><strong>studiis,</strong></span> <span class='ocrx_word' id='word_1_45' title='bbox 1137 357 1169 381; x_wconf 90' lang='lat' dir='ltr'><strong>et</strong></span> 
     </span>
     <span class='ocr_line' id='line_1_6' title="bbox 39 407 1170 454; baseline -0.001 -12"><span class='ocrx_word' id='word_1_46' title='bbox 39 409 147 454; x_wconf 86' lang='lat' dir='ltr'><strong>prima</strong></span> <span class='ocrx_word' id='word_1_47' title='bbox 181 407 378 442; x_wconf 81' lang='lat' dir='ltr'><strong>eruditionis</strong></span> <span class='ocrx_word' id='word_1_48' title='bbox 413 408 622 441; x_wconf 77' lang='lat' dir='ltr'><strong>rationabilis</strong></span> <span class='ocrx_word' id='word_1_49' title='bbox 658 409 823 441; x_wconf 84' lang='lat' dir='ltr'><strong>elementa</strong></span> <span class='ocrx_word' id='word_1_50' title='bbox 857 408 1051 453; x_wconf 76' lang='lat' dir='ltr'><strong>suscipiunt.</strong></span> <span class='ocrx_word' id='word_1_51' title='bbox 1109 409 1170 441; x_wconf 85' lang='lat' dir='ltr'><strong>His</strong></span> 
     </span>
     <span class='ocr_line' id='line_1_7' title="bbox 25 469 1170 514; baseline 0 -11"><span class='ocrx_word' id='word_1_52' title='bbox 25 480 118 512; x_wconf 56' lang='lat' dir='ltr'><strong>*ergo</strong></span> <span class='ocrx_word' id='word_1_53' title='bbox 141 483 218 502; x_wconf 88' lang='lat' dir='ltr'><strong>cum</strong></span> <span class='ocrx_word' id='word_1_54' title='bbox 243 469 402 503; x_wconf 83' lang='lat' dir='ltr'><strong>recitatur</strong></span> <span class='ocrx_word' id='word_1_55' title='bbox 424 470 497 504; x_wconf 79' lang='lat' dir='ltr'><strong>talis</strong></span> <span class='ocrx_word' id='word_1_56' title='bbox 522 470 633 514; x_wconf 90' lang='lat' dir='ltr'><strong>aliqua</strong></span> <span class='ocrx_word' id='word_1_57' title='bbox 666 470 858 503; x_wconf 87' lang='lat' dir='ltr'><strong>divinorum</strong></span> <span class='ocrx_word' id='word_1_58' title='bbox 885 470 1096 503; x_wconf 83' lang='lat' dir='ltr'><strong>voluminum</strong></span> <span class='ocrx_word' id='word_1_59' title='bbox 1120 471 1170 503; x_wconf 44' lang='lat' dir='ltr'><strong>le*</strong></span> 
     </span>
     <span class='ocr_line' id='line_1_8' title="bbox 39 528 1167 576; baseline -0.001 -11"><span class='ocrx_word' id='word_1_60' title='bbox 39 528 122 572; x_wconf 65' lang='lat' dir='ltr'><strong>etio,</strong></span> <span class='ocrx_word' id='word_1_61' title='bbox 148 530 183 564; x_wconf 87' lang='lat' dir='ltr'><strong>in</strong></span> <span class='ocrx_word' id='word_1_62' title='bbox 211 545 276 576; x_wconf 85' lang='lat' dir='ltr'><strong>qua</strong></span> <span class='ocrx_word' id='word_1_63' title='bbox 300 545 372 564; x_wconf 87' lang='lat' dir='ltr'><strong>non</strong></span> <span class='ocrx_word' id='word_1_64' title='bbox 397 531 549 564; x_wconf 80' lang='lat' dir='ltr'><strong>videatur</strong></span> <span class='ocrx_word' id='word_1_65' title='bbox 571 530 700 575; x_wconf 80' lang='lat' dir='ltr'><strong>aliquid</strong></span> <span class='ocrx_word' id='word_1_66' title='bbox 726 532 920 571; x_wconf 83' lang='lat' dir='ltr'><strong>obscurum,</strong></span> <span class='ocrx_word' id='word_1_67' title='bbox 944 532 1089 564; x_wconf 81' lang='lat' dir='ltr'><strong>libenter</strong></span> <span class='ocrx_word' id='word_1_68' title='bbox 1113 545 1167 564; x_wconf 87' lang='lat' dir='ltr'><strong>ac-</strong></span> 
     </span>
     <span class='ocr_line' id='line_1_9' title="bbox 39 592 1170 638; baseline -0.001 -11"><span class='ocrx_word' id='word_1_69' title='bbox 39 593 182 638; x_wconf 85' lang='lat' dir='ltr'><strong>cipiunt:</strong></span> <span class='ocrx_word' id='word_1_70' title='bbox 219 593 313 626; x_wconf 83' lang='lat' dir='ltr'><strong>verbi</strong></span> <span class='ocrx_word' id='word_1_71' title='bbox 338 605 453 631; x_wconf 80' lang='lat' dir='ltr'><strong>causa,</strong></span> <span class='ocrx_word' id='word_1_72' title='bbox 485 602 520 624; x_wconf 88' lang='lat' dir='ltr'><strong>ut</strong></span> <span class='ocrx_word' id='word_1_73' title='bbox 546 601 591 624; x_wconf 86' lang='lat' dir='ltr'><strong>est</strong></span> <span class='ocrx_word' id='word_1_74' title='bbox 622 592 755 625; x_wconf 87' lang='lat' dir='ltr'><strong>libellus</strong></span> <span class='ocrx_word' id='word_1_75' title='bbox 780 592 918 632; x_wconf 84' lang='lat' dir='ltr'><strong>Hester,</strong></span> <span class='ocrx_word' id='word_1_76' title='bbox 951 602 1009 626; x_wconf 84' lang='lat' dir='ltr'><strong>aut</strong></span> <span class='ocrx_word' id='word_1_77' title='bbox 1038 594 1170 632; x_wconf 87' lang='lat' dir='ltr'><strong>Judith,</strong></span> 
     </span>
     <span class='ocr_line' id='line_1_10' title="bbox 39 653 1169 698; baseline 0 -11"><span class='ocrx_word' id='word_1_78' title='bbox 39 656 89 687; x_wconf 83' lang='lat' dir='ltr'><strong>vel</strong></span> <span class='ocrx_word' id='word_1_79' title='bbox 115 654 212 687; x_wconf 82' lang='lat' dir='ltr'><strong>etiam</strong></span> <span class='ocrx_word' id='word_1_80' title='bbox 237 654 387 694; x_wconf 81' lang='lat' dir='ltr'><strong>Tobiae,</strong></span> <span class='ocrx_word' id='word_1_81' title='bbox 419 664 476 686; x_wconf 80' lang='lat' dir='ltr'><strong>aut</strong></span> <span class='ocrx_word' id='word_1_82' title='bbox 500 655 659 686; x_wconf 75' lang='lat' dir='ltr'><strong>mandata</strong></span> <span class='ocrx_word' id='word_1_83' title='bbox 692 653 894 698; x_wconf 74' lang='lat' dir='ltr'><strong>Sapientiae.</strong></span> <span class='ocrx_word' id='word_1_84' title='bbox 949 654 986 687; x_wconf 86' lang='lat' dir='ltr'><strong>Si</strong></span> <span class='ocrx_word' id='word_1_85' title='bbox 1016 668 1096 687; x_wconf 81' lang='lat' dir='ltr'><strong>vero</strong></span> <span class='ocrx_word' id='word_1_86' title='bbox 1121 656 1169 687; x_wconf 84' lang='lat' dir='ltr'><strong>le-</strong></span> 
     </span>
     <span class='ocr_line' id='line_1_11' title="bbox 28 715 1170 758; baseline 0 -9"><span class='ocrx_word' id='word_1_87' title='bbox 28 720 136 757; x_wconf 70' lang='lat' dir='ltr'><strong>&#39;gatur</strong></span> <span class='ocrx_word' id='word_1_88' title='bbox 169 715 198 748; x_wconf 83' lang='lat' dir='ltr'><strong>ei</strong></span> <span class='ocrx_word' id='word_1_89' title='bbox 229 717 315 749; x_wconf 88' lang='lat' dir='ltr'><strong>liber</strong></span> <span class='ocrx_word' id='word_1_90' title='bbox 346 715 498 758; x_wconf 81' lang='lat' dir='ltr'><strong>Levitici‚</strong></span> <span class='ocrx_word' id='word_1_91' title='bbox 533 715 721 748; x_wconf 83' lang='lat' dir='ltr'><strong>offenditur</strong></span> <span class='ocrx_word' id='word_1_92' title='bbox 752 715 917 748; x_wconf 86' lang='lat' dir='ltr'><strong>continuo</strong></span> <span class='ocrx_word' id='word_1_93' title='bbox 951 717 1101 755; x_wconf 84' lang='lat' dir='ltr'><strong>animus,</strong></span> <span class='ocrx_word' id='word_1_94' title='bbox 1138 726 1170 749; x_wconf 88' lang='lat' dir='ltr'><strong>et</strong></span> 
     </span>
     <span class='ocr_line' id='line_1_12' title="bbox 39 776 1171 822; baseline 0 -12"><span class='ocrx_word' id='word_1_95' title='bbox 39 777 132 822; x_wconf 85' lang='lat' dir='ltr'><strong>quasi</strong></span> <span class='ocrx_word' id='word_1_96' title='bbox 156 791 225 810; x_wconf 88' lang='lat' dir='ltr'><strong>non</strong></span> <span class='ocrx_word' id='word_1_97' title='bbox 250 791 347 810; x_wconf 87' lang='lat' dir='ltr'><strong>suum</strong></span> <span class='ocrx_word' id='word_1_98' title='bbox 373 776 492 819; x_wconf 77' lang='lat' dir='ltr'>refugit</span> <span class='ocrx_word' id='word_1_99' title='bbox 517 776 641 809; x_wconf 87' lang='lat' dir='ltr'><strong>cibum.</strong></span> <span class='ocrx_word' id='word_1_100' title='bbox 697 776 767 820; x_wconf 83' lang='lat' dir='ltr'><strong>Qui</strong></span> <span class='ocrx_word' id='word_1_101' title='bbox 799 776 888 809; x_wconf 86' lang='lat' dir='ltr'><strong>enim</strong></span> <span class='ocrx_word' id='word_1_102' title='bbox 919 776 1025 818; x_wconf 83' lang='lat' dir='ltr'><strong>veuit,</strong></span> <span class='ocrx_word' id='word_1_103' title='bbox 1056 786 1095 809; x_wconf 92' lang='lat' dir='ltr'><strong>ut</strong></span> <span class='ocrx_word' id='word_1_104' title='bbox 1119 777 1171 810; x_wconf 86' lang='lat' dir='ltr'><strong>di-</strong></span> 
     </span>
     <span class='ocr_line' id='line_1_13' title="bbox 40 837 1169 883; baseline 0.001 -13"><span class='ocrx_word' id='word_1_105' title='bbox 40 848 146 870; x_wconf 87' lang='lat' dir='ltr'><strong>sceret</strong></span> <span class='ocrx_word' id='word_1_106' title='bbox 177 838 290 871; x_wconf 90' lang='lat' dir='ltr'><strong>Deum</strong></span> <span class='ocrx_word' id='word_1_107' title='bbox 324 839 452 878; x_wconf 81' lang='lat' dir='ltr'><strong>colere,</strong></span> <span class='ocrx_word' id='word_1_108' title='bbox 489 837 631 882; x_wconf 82' lang='lat' dir='ltr'><strong>justitiae</strong></span> <span class='ocrx_word' id='word_1_109' title='bbox 662 851 699 870; x_wconf 84' lang='lat' dir='ltr'><strong>ac</strong></span> <span class='ocrx_word' id='word_1_110' title='bbox 730 838 864 882; x_wconf 85' lang='lat' dir='ltr'><strong>pietatis</strong></span> <span class='ocrx_word' id='word_1_111' title='bbox 896 838 965 883; x_wconf 81' lang='lat' dir='ltr'><strong>ejus</strong></span> <span class='ocrx_word' id='word_1_112' title='bbox 989 849 1169 883; x_wconf 81' lang='lat' dir='ltr'><strong>praecepta</strong></span> 
     </span>
     <span class='ocr_line' id='line_1_14' title="bbox 38 899 1170 944; baseline 0.001 -13"><span class='ocrx_word' id='word_1_113' title='bbox 38 899 226 944; x_wconf 76' lang='lat' dir='ltr'><strong>suscipere,</strong></span> <span class='ocrx_word' id='word_1_114' title='bbox 256 899 350 932; x_wconf 81' lang='lat' dir='ltr'><strong>audit</strong></span> <span class='ocrx_word' id='word_1_115' title='bbox 373 901 531 932; x_wconf 83' lang='lat' dir='ltr'><strong>mandata</strong></span> <span class='ocrx_word' id='word_1_116' title='bbox 563 900 604 931; x_wconf 87' lang='lat' dir='ltr'><strong>de</strong></span> <span class='ocrx_word' id='word_1_117' title='bbox 636 899 806 933; x_wconf 82' lang='lat' dir='ltr'><strong>sacrificiis</strong></span> <span class='ocrx_word' id='word_1_118' title='bbox 838 900 928 939; x_wconf 79' lang='lat' dir='ltr'><strong>dari,</strong></span> <span class='ocrx_word' id='word_1_119' title='bbox 959 900 1170 933; x_wconf 68' lang='lat' dir='ltr'><strong>etimmola-</strong></span> 
     </span>
     <span class='ocr_line' id='line_1_15' title="bbox 39 960 1171 1006; baseline 0.001 -13"><span class='ocrx_word' id='word_1_120' title='bbox 39 962 171 994; x_wconf 86' lang='lat' dir='ltr'><strong>tionum</strong></span> <span class='ocrx_word' id='word_1_121' title='bbox 197 960 280 994; x_wconf 87' lang='lat' dir='ltr'><strong>ritus</strong></span> <span class='ocrx_word' id='word_1_122' title='bbox 305 961 436 1001; x_wconf 88' lang='lat' dir='ltr'><strong>doceri,</strong></span> <span class='ocrx_word' id='word_1_123' title='bbox 475 962 651 1006; x_wconf 89' lang='lat' dir='ltr'><strong>quomodo</strong></span> <span class='ocrx_word' id='word_1_124' title='bbox 683 974 755 994; x_wconf 90' lang='lat' dir='ltr'><strong>non</strong></span> <span class='ocrx_word' id='word_1_125' title='bbox 780 961 944 994; x_wconf 88' lang='lat' dir='ltr'><strong>continuo</strong></span> <span class='ocrx_word' id='word_1_126' title='bbox 971 962 1087 994; x_wconf 79' lang='lat' dir='ltr'><strong>avertit</strong></span> <span class='ocrx_word' id='word_1_127' title='bbox 1111 976 1171 994; x_wconf 83' lang='lat' dir='ltr'><strong>au-</strong></span> 
     </span>
     <span class='ocr_line' id='line_1_16' title="bbox 40 1022 1170 1067; baseline 0 -12"><span class='ocrx_word' id='word_1_128' title='bbox 40 1022 165 1063; x_wconf 84' lang='lat' dir='ltr'><strong>ditum,</strong></span> <span class='ocrx_word' id='word_1_129' title='bbox 199 1032 230 1056; x_wconf 84' lang='lat' dir='ltr'><strong>et</strong></span> <span class='ocrx_word' id='word_1_130' title='bbox 252 1032 414 1067; x_wconf 83' lang='lat' dir='ltr'><strong>tanquam</strong></span> <span class='ocrx_word' id='word_1_131' title='bbox 439 1037 510 1056; x_wconf 90' lang='lat' dir='ltr'><strong>non</strong></span> <span class='ocrx_word' id='word_1_132' title='bbox 533 1023 596 1056; x_wconf 87' lang='lat' dir='ltr'><strong>sibi</strong></span> <span class='ocrx_word' id='word_1_133' title='bbox 621 1032 737 1067; x_wconf 87' lang='lat' dir='ltr'><strong>aptum</strong></span> <span class='ocrx_word' id='word_1_134' title='bbox 761 1023 875 1056; x_wconf 86' lang='lat' dir='ltr'><strong>cibum</strong></span> <span class='ocrx_word' id='word_1_135' title='bbox 900 1022 1054 1057; x_wconf 81' lang='lat' dir='ltr'>recusat?</span> <span class='ocrx_word' id='word_1_136' title='bbox 1101 1023 1170 1056; x_wconf 81' lang='lat' dir='ltr'><strong>Sed</strong></span> 
     </span>
     <span class='ocr_line' id='line_1_17' title="bbox 40 1083 1171 1129; baseline -0.002 -12"><span class='ocrx_word' id='word_1_137' title='bbox 40 1093 72 1117; x_wconf 79' lang='lat' dir='ltr'><strong>et</strong></span> <span class='ocrx_word' id='word_1_138' title='bbox 102 1083 203 1123; x_wconf 84' lang='lat' dir='ltr'><strong>alius,</strong></span> <span class='ocrx_word' id='word_1_139' title='bbox 239 1097 316 1117; x_wconf 86' lang='lat' dir='ltr'><strong>cum</strong></span> <span class='ocrx_word' id='word_1_140' title='bbox 357 1084 515 1126; x_wconf 87' lang='lat' dir='ltr'><strong>leguntur</strong></span> <span class='ocrx_word' id='word_1_141' title='bbox 551 1084 750 1127; x_wconf 84' lang='lat' dir='ltr'><strong>Evangelia,</strong></span> <span class='ocrx_word' id='word_1_142' title='bbox 784 1085 835 1117; x_wconf 90' lang='lat' dir='ltr'><strong>vel</strong></span> <span class='ocrx_word' id='word_1_143' title='bbox 871 1084 1074 1129; x_wconf 84' lang='lat' dir='ltr'>Apostolus,</span> <span class='ocrx_word' id='word_1_144' title='bbox 1114 1092 1171 1116; x_wconf 85' lang='lat' dir='ltr'><strong>aut</strong></span> 
     </span>
     <span class='ocr_line' id='line_1_18' title="bbox 40 1145 1171 1190; baseline -0.002 -11"><span class='ocrx_word' id='word_1_145' title='bbox 40 1145 178 1190; x_wconf 79' lang='lat' dir='ltr'><strong>psalmi,</strong></span> <span class='ocrx_word' id='word_1_146' title='bbox 207 1145 312 1178; x_wconf 78' lang='lat' dir='ltr'><strong>laetus</strong></span> <span class='ocrx_word' id='word_1_147' title='bbox 336 1145 491 1189; x_wconf 75' lang='lat' dir='ltr'><strong>suscipit,</strong></span> <span class='ocrx_word' id='word_1_148' title='bbox 522 1145 666 1179; x_wconf 76' lang='lat' dir='ltr'><strong>libenter</strong></span> <span class='ocrx_word' id='word_1_149' title='bbox 689 1145 919 1190; x_wconf 75' lang='lat' dir='ltr'><strong>amplectitur,</strong></span> <span class='ocrx_word' id='word_1_150' title='bbox 951 1154 982 1177; x_wconf 88' lang='lat' dir='ltr'><strong>et</strong></span> <span class='ocrx_word' id='word_1_151' title='bbox 1005 1145 1094 1177; x_wconf 71' lang='lat' dir='ltr'><strong>velut</strong></span> <span class='ocrx_word' id='word_1_152' title='bbox 1118 1158 1171 1178; x_wconf 86' lang='lat' dir='ltr'><strong>re-</strong></span> 
     </span>
     <span class='ocr_line' id='line_1_19' title="bbox 39 1206 1168 1251; baseline -0.001 -11"><span class='ocrx_word' id='word_1_153' title='bbox 39 1207 150 1240; x_wconf 82' lang='lat' dir='ltr'><strong>media</strong></span> <span class='ocrx_word' id='word_1_154' title='bbox 182 1208 349 1251; x_wconf 79' lang='lat' dir='ltr'><strong>quaedam</strong></span> <span class='ocrx_word' id='word_1_155' title='bbox 380 1206 580 1240; x_wconf 77' lang='lat' dir='ltr'><strong>infirmitatis</strong></span> <span class='ocrx_word' id='word_1_156' title='bbox 613 1221 693 1240; x_wconf 84' lang='lat' dir='ltr'><strong>suae</strong></span> <span class='ocrx_word' id='word_1_157' title='bbox 728 1207 809 1240; x_wconf 79' lang='lat' dir='ltr'><strong>inde</strong></span> <span class='ocrx_word' id='word_1_158' title='bbox 847 1207 1007 1249; x_wconf 84' lang='lat' dir='ltr'><strong>colligens</strong></span> <span class='ocrx_word' id='word_1_159' title='bbox 1039 1208 1168 1249; x_wconf 83' lang='lat' dir='ltr'><strong>gaudet.</strong></span> 
     </span>
     <span class='ocr_line' id='line_1_20' title="bbox 41 1267 1171 1310; baseline 0.001 -11"><span class='ocrx_word' id='word_1_160' title='bbox 41 1267 131 1301; x_wconf 86' lang='lat' dir='ltr'><strong>Huic</strong></span> <span class='ocrx_word' id='word_1_161' title='bbox 160 1269 186 1301; x_wconf 89' lang='lat' dir='ltr'><strong>si</strong></span> <span class='ocrx_word' id='word_1_162' title='bbox 216 1268 344 1310; x_wconf 83' lang='lat' dir='ltr'><strong>legatur</strong></span> <span class='ocrx_word' id='word_1_163' title='bbox 369 1269 599 1301; x_wconf 87' lang='lat' dir='ltr'><strong>Numerorum</strong></span> <span class='ocrx_word' id='word_1_164' title='bbox 629 1268 734 1308; x_wconf 87' lang='lat' dir='ltr'><strong>liber,</strong></span> <span class='ocrx_word' id='word_1_165' title='bbox 771 1277 804 1301; x_wconf 88' lang='lat' dir='ltr'><strong>et</strong></span> <span class='ocrx_word' id='word_1_166' title='bbox 834 1268 894 1302; x_wconf 83' lang='lat' dir='ltr'><strong>ista</strong></span> <span class='ocrx_word' id='word_1_167' title='bbox 918 1269 1061 1301; x_wconf 82' lang='lat' dir='ltr'><strong>maxime</strong></span> <span class='ocrx_word' id='word_1_168' title='bbox 1085 1269 1171 1308; x_wconf 83' lang='lat' dir='ltr'><strong>loca,</strong></span> 
     </span>
     <span class='ocr_line' id='line_1_21' title="bbox 39 1329 1172 1374; baseline 0.001 -12"><span class='ocrx_word' id='word_1_169' title='bbox 39 1342 128 1374; x_wconf 82' lang='lat' dir='ltr'><strong>quae</strong></span> <span class='ocrx_word' id='word_1_170' title='bbox 149 1342 242 1361; x_wconf 91' lang='lat' dir='ltr'><strong>nunc</strong></span> <span class='ocrx_word' id='word_1_171' title='bbox 266 1329 429 1362; x_wconf 84' lang='lat' dir='ltr'><strong>habemus</strong></span> <span class='ocrx_word' id='word_1_172' title='bbox 453 1330 487 1362; x_wconf 82' lang='lat' dir='ltr'><strong>in</strong></span> <span class='ocrx_word' id='word_1_173' title='bbox 512 1329 676 1369; x_wconf 83' lang='lat' dir='ltr'><strong>manibus,</strong></span> <span class='ocrx_word' id='word_1_174' title='bbox 700 1329 786 1362; x_wconf 85' lang='lat' dir='ltr'><strong>nihil</strong></span> <span class='ocrx_word' id='word_1_175' title='bbox 808 1330 891 1363; x_wconf 76' lang='lat' dir='ltr'><strong>haec</strong></span> <span class='ocrx_word' id='word_1_176' title='bbox 916 1331 958 1362; x_wconf 84' lang='lat' dir='ltr'><strong>ad</strong></span> <span class='ocrx_word' id='word_1_177' title='bbox 983 1331 1172 1370; x_wconf 75' lang='lat' dir='ltr'><strong>utilitatem,</strong></span> 
     </span>
     <span class='ocr_line' id='line_1_22' title="bbox 40 1390 1171 1431; baseline 0 -7"><span class='ocrx_word' id='word_1_178' title='bbox 40 1390 126 1424; x_wconf 82' lang='lat' dir='ltr'><strong>nihil</strong></span> <span class='ocrx_word' id='word_1_179' title='bbox 151 1391 194 1423; x_wconf 85' lang='lat' dir='ltr'><strong>ad</strong></span> <span class='ocrx_word' id='word_1_180' title='bbox 218 1390 420 1424; x_wconf 82' lang='lat' dir='ltr'><strong>infirmitatis</strong></span> <span class='ocrx_word' id='word_1_181' title='bbox 442 1404 522 1424; x_wconf 86' lang='lat' dir='ltr'><strong>suae</strong></span> <span class='ocrx_word' id='word_1_182' title='bbox 546 1390 753 1431; x_wconf 88' lang='lat' dir='ltr'><strong>remedium,</strong></span> <span class='ocrx_word' id='word_1_183' title='bbox 790 1401 846 1424; x_wconf 84' lang='lat' dir='ltr'><strong>aut</strong></span> <span class='ocrx_word' id='word_1_184' title='bbox 875 1391 1007 1424; x_wconf 74' lang='lat' dir='ltr'><strong>animae</strong></span> <span class='ocrx_word' id='word_1_185' title='bbox 1029 1392 1171 1424; x_wconf 86' lang='lat' dir='ltr'><strong>salutem</strong></span> 
     </span>
     <span class='ocr_line' id='line_1_23' title="bbox 40 1451 1173 1499; baseline 0 -13"><span class='ocrx_word' id='word_1_186' title='bbox 40 1453 200 1499; x_wconf 77' lang='lat' dir='ltr'><strong>prodesse</strong></span> <span class='ocrx_word' id='word_1_187' title='bbox 221 1451 403 1498; x_wconf 87' lang='lat' dir='ltr'><strong>judicabit:</strong></span> <span class='ocrx_word' id='word_1_188' title='bbox 426 1453 485 1485; x_wconf 88' lang='lat' dir='ltr'><strong>sed</strong></span> <span class='ocrx_word' id='word_1_189' title='bbox 510 1453 674 1485; x_wconf 84' lang='lat' dir='ltr'><strong>continuo</strong></span> <span class='ocrx_word' id='word_1_190' title='bbox 698 1453 869 1491; x_wconf 85' lang='lat' dir='ltr'><strong>refutabit,</strong></span> <span class='ocrx_word' id='word_1_191' title='bbox 894 1463 925 1486; x_wconf 87' lang='lat' dir='ltr'><strong>et</strong></span> <span class='ocrx_word' id='word_1_192' title='bbox 942 1463 1075 1498; x_wconf 82' lang='lat' dir='ltr'><strong>respuet</strong></span> <span class='ocrx_word' id='word_1_193' title='bbox 1098 1463 1173 1486; x_wconf 75' lang='lat' dir='ltr'><strong>tnn-</strong></span> 
     </span>
     <span class='ocr_line' id='line_1_24' title="bbox 40 1513 1172 1560; baseline -0.001 -13"><span class='ocrx_word' id='word_1_194' title='bbox 40 1528 144 1560; x_wconf 82' lang='lat' dir='ltr'><strong>quam</strong></span> <span class='ocrx_word' id='word_1_195' title='bbox 171 1527 282 1556; x_wconf 80' lang='lat' dir='ltr'><strong>graves</strong></span> <span class='ocrx_word' id='word_1_196' title='bbox 308 1523 339 1547; x_wconf 84' lang='lat' dir='ltr'><strong>et</strong></span> <span class='ocrx_word' id='word_1_197' title='bbox 366 1527 527 1547; x_wconf 87' lang='lat' dir='ltr'><strong>onerosos</strong></span> <span class='ocrx_word' id='word_1_198' title='bbox 553 1513 661 1554; x_wconf 87' lang='lat' dir='ltr'><strong>cibos,</strong></span> <span class='ocrx_word' id='word_1_199' title='bbox 698 1523 730 1546; x_wconf 91' lang='lat' dir='ltr'><strong>et</strong></span> <span class='ocrx_word' id='word_1_200' title='bbox 753 1514 831 1558; x_wconf 82' lang='lat' dir='ltr'><strong>quia</strong></span> <span class='ocrx_word' id='word_1_201' title='bbox 855 1528 972 1557; x_wconf 84' lang='lat' dir='ltr'><strong>aegrae</strong></span> <span class='ocrx_word' id='word_1_202' title='bbox 997 1525 1096 1559; x_wconf 84' lang='lat' dir='ltr'><strong>atque</strong></span> <span class='ocrx_word' id='word_1_203' title='bbox 1119 1514 1172 1547; x_wconf 90' lang='lat' dir='ltr'><strong>in—</strong></span> 
     </span>
     <span class='ocr_line' id='line_1_25' title="bbox 41 1575 1171 1621; baseline -0.001 -12"><span class='ocrx_word' id='word_1_204' title='bbox 41 1575 172 1609; x_wconf 81' lang='lat' dir='ltr'><strong>validae</strong></span> <span class='ocrx_word' id='word_1_205' title='bbox 194 1589 267 1609; x_wconf 84' lang='lat' dir='ltr'><strong>non</strong></span> <span class='ocrx_word' id='word_1_206' title='bbox 291 1585 487 1621; x_wconf 83' lang='lat' dir='ltr'><strong>competant</strong></span> <span class='ocrx_word' id='word_1_207' title='bbox 499 1576 640 1609; x_wconf 78' lang='lat' dir='ltr'><strong>animae.</strong></span> <span class='ocrx_word' id='word_1_208' title='bbox 688 1576 757 1609; x_wconf 87' lang='lat' dir='ltr'><strong>Sed</strong></span> <span class='ocrx_word' id='word_1_209' title='bbox 774 1577 870 1617; x_wconf 90' lang='lat' dir='ltr'><strong>sicut,</strong></span> <span class='ocrx_word' id='word_1_210' title='bbox 894 1576 987 1609; x_wconf 76' lang='lat' dir='ltr'><strong>verbi</strong></span> <span class='ocrx_word' id='word_1_211' title='bbox 1003 1579 1116 1618; x_wconf 82' lang='lat' dir='ltr'><strong>gratia,</strong></span> <span class='ocrx_word' id='word_1_212' title='bbox 1130 1596 1171 1602; x_wconf 90' lang='lat'>—</span> 
     </span>
     <span class='ocr_line' id='line_1_26' title="bbox 5 1637 1171 1683; baseline 0.002 -13"><span class='ocrx_word' id='word_1_213' title='bbox 5 1679 7 1682; x_wconf 14' lang='grc' dir='ltr'><em>Α</em></span> <span class='ocrx_word' id='word_1_214' title='bbox 41 1647 78 1670; x_wconf 89' lang='lat' dir='ltr'><strong>ut</strong></span> <span class='ocrx_word' id='word_1_215' title='bbox 89 1637 211 1670; x_wconf 86' lang='lat' dir='ltr'><strong>iterum</strong></span> <span class='ocrx_word' id='word_1_216' title='bbox 230 1650 268 1670; x_wconf 88' lang='lat' dir='ltr'><strong>ex</strong></span> <span class='ocrx_word' id='word_1_217' title='bbox 283 1637 519 1682; x_wconf 80' lang='lat' dir='ltr'><strong>corporalibus</strong></span> <span class='ocrx_word' id='word_1_218' title='bbox 532 1648 722 1681; x_wconf 82' lang='lat' dir='ltr'><strong>repetamus</strong></span> <span class='ocrx_word' id='word_1_219' title='bbox 736 1640 900 1683; x_wconf 81' lang='lat' dir='ltr'><strong>exempla,</strong></span> <span class='ocrx_word' id='word_1_220' title='bbox 911 1658 952 1663; x_wconf 86' lang='lat'><strong>-—</strong></span> <span class='ocrx_word' id='word_1_221' title='bbox 963 1638 1055 1671; x_wconf 88' lang='lat' dir='ltr'><strong>leoni</strong></span> <span class='ocrx_word' id='word_1_222' title='bbox 1071 1637 1097 1670; x_wconf 88' lang='lat' dir='ltr'><strong>si</strong></span> <span class='ocrx_word' id='word_1_223' title='bbox 1113 1639 1171 1672; x_wconf 84' lang='lat' dir='ltr'><strong>de—</strong></span> 
     </span>
     <span class='ocr_line' id='line_1_27' title="bbox 43 1698 1173 1744; baseline 0.001 -13"><span class='ocrx_word' id='word_1_224' title='bbox 43 1709 98 1732; x_wconf 82' lang='lat' dir='ltr'><strong>tur</strong></span> <span class='ocrx_word' id='word_1_225' title='bbox 120 1699 328 1738; x_wconf 80' lang='lat' dir='ltr'><strong>intellectus,</strong></span> <span class='ocrx_word' id='word_1_226' title='bbox 361 1712 432 1732; x_wconf 90' lang='lat' dir='ltr'><strong>non</strong></span> <span class='ocrx_word' id='word_1_227' title='bbox 465 1698 627 1732; x_wconf 81' lang='lat' dir='ltr'><strong>continuo</strong></span> <span class='ocrx_word' id='word_1_228' title='bbox 654 1699 806 1744; x_wconf 79' lang='lat' dir='ltr'><strong>culpabit</strong></span> <span class='ocrx_word' id='word_1_229' title='bbox 829 1699 1070 1733; x_wconf 79' lang='lat' dir='ltr'><strong>abundantiam</strong></span> <span class='ocrx_word' id='word_1_230' title='bbox 1095 1700 1173 1732; x_wconf 87' lang='lat' dir='ltr'><strong>her-</strong></span> 
     </span>
     <span class='ocr_line' id='line_1_28' title="bbox 42 1759 1174 1806; baseline 0 -13"><span class='ocrx_word' id='word_1_231' title='bbox 42 1761 165 1793; x_wconf 85' lang='lat' dir='ltr'><strong>barum</strong></span> <span class='ocrx_word' id='word_1_232' title='bbox 200 1770 365 1801; x_wconf 80' lang='lat' dir='ltr'><strong>creatam,</strong></span> <span class='ocrx_word' id='word_1_233' title='bbox 398 1759 476 1806; x_wconf 81' lang='lat' dir='ltr'><strong>quia</strong></span> <span class='ocrx_word' id='word_1_234' title='bbox 501 1760 572 1805; x_wconf 85' lang='lat' dir='ltr'><strong>ipse</strong></span> <span class='ocrx_word' id='word_1_235' title='bbox 603 1761 715 1794; x_wconf 87' lang='lat' dir='ltr'><strong>crudis</strong></span> <span class='ocrx_word' id='word_1_236' title='bbox 740 1761 897 1795; x_wconf 82' lang='lat' dir='ltr'><strong>carnibus</strong></span> <span class='ocrx_word' id='word_1_237' title='bbox 920 1761 1082 1800; x_wconf 74' lang='lat' dir='ltr'><strong>vescitur,</strong></span> <span class='ocrx_word' id='word_1_238' title='bbox 1110 1774 1174 1794; x_wconf 87' lang='lat' dir='ltr'><strong>nec</strong></span> 
     </span>
     <span class='ocr_line' id='line_1_29' title="bbox 10 1821 1174 1875; baseline 0.002 -21"><span class='ocrx_word' id='word_1_239' title='bbox 10 1865 16 1875; x_wconf 30' lang='grc' dir='ltr'>ἱ</span> <span class='ocrx_word' id='word_1_240' title='bbox 43 1821 131 1854; x_wconf 85' lang='lat' dir='ltr'><strong>dicet</strong></span> <span class='ocrx_word' id='word_1_241' title='bbox 153 1821 228 1855; x_wconf 87' lang='lat' dir='ltr'><strong>illas</strong></span> <span class='ocrx_word' id='word_1_242' title='bbox 250 1823 420 1867; x_wconf 87' lang='lat' dir='ltr'><strong>superflue</strong></span> <span class='ocrx_word' id='word_1_243' title='bbox 435 1822 472 1866; x_wconf 83' lang='lat'><strong>²)</strong></span> <span class='ocrx_word' id='word_1_244' title='bbox 496 1835 514 1855; x_wconf 90' lang='lat' dir='ltr'><strong>a</strong></span> <span class='ocrx_word' id='word_1_245' title='bbox 548 1823 727 1855; x_wconf 83' lang='lat' dir='ltr'><strong>conditore</strong></span> <span class='ocrx_word' id='word_1_246' title='bbox 754 1823 953 1867; x_wconf 79' lang='lat' dir='ltr'><strong>productas,</strong></span> <span class='ocrx_word' id='word_1_247' title='bbox 992 1824 1069 1867; x_wconf 80' lang='lat' dir='ltr'><strong>quia</strong></span> <span class='ocrx_word' id='word_1_248' title='bbox 1101 1822 1174 1867; x_wconf 84' lang='lat' dir='ltr'><strong>ipse</strong></span> 
     </span>
     <span class='ocr_line' id='line_1_30' title="bbox 45 1883 1174 1929; baseline 0 -13"><span class='ocrx_word' id='word_1_249' title='bbox 45 1896 161 1916; x_wconf 81' lang='lat' dir='ltr'><strong>earum</strong></span> <span class='ocrx_word' id='word_1_250' title='bbox 193 1885 271 1917; x_wconf 86' lang='lat' dir='ltr'><strong>cibo</strong></span> <span class='ocrx_word' id='word_1_251' title='bbox 301 1896 373 1917; x_wconf 87' lang='lat' dir='ltr'><strong>non</strong></span> <span class='ocrx_word' id='word_1_252' title='bbox 403 1883 523 1916; x_wconf 82' lang='lat' dir='ltr'><strong>utitur:</strong></span> <span class='ocrx_word' id='word_1_253' title='bbox 562 1897 625 1916; x_wconf 85' lang='lat' dir='ltr'><strong>nec</strong></span> <span class='ocrx_word' id='word_1_254' title='bbox 656 1884 780 1916; x_wconf 87' lang='lat' dir='ltr'><strong>iterum</strong></span> <span class='ocrx_word' id='word_1_255' title='bbox 812 1885 937 1924; x_wconf 88' lang='lat' dir='ltr'><strong>homo,</strong></span> <span class='ocrx_word' id='word_1_256' title='bbox 976 1884 1052 1929; x_wconf 81' lang='lat' dir='ltr'><strong>quia</strong></span> <span class='ocrx_word' id='word_1_257' title='bbox 1085 1897 1174 1928; x_wconf 81' lang='lat' dir='ltr'><strong>pane</strong></span> 
     </span>
     <span class='ocr_line' id='line_1_31' title="bbox 44 1944 1175 1990; baseline 0 -13"><span class='ocrx_word' id='word_1_258' title='bbox 44 1944 183 1989; x_wconf 82' lang='lat' dir='ltr'><strong>aliisque</strong></span> <span class='ocrx_word' id='word_1_259' title='bbox 194 1946 279 1990; x_wconf 77' lang='lat' dir='ltr'><strong>aptis</strong></span> <span class='ocrx_word' id='word_1_260' title='bbox 291 1944 355 1979; x_wconf 81' lang='lat' dir='ltr'><strong>sibi</strong></span> <span class='ocrx_word' id='word_1_261' title='bbox 369 1945 475 1978; x_wconf 90' lang='lat' dir='ltr'><strong>utitur</strong></span> <span class='ocrx_word' id='word_1_262' title='bbox 494 1944 675 1985; x_wconf 86' lang='lat' dir='ltr'><strong>alimoniis,</strong></span> <span class='ocrx_word' id='word_1_263' title='bbox 699 1946 836 1990; x_wconf 83' lang='lat' dir='ltr'><strong>culpare</strong></span> <span class='ocrx_word' id='word_1_264' title='bbox 851 1947 960 1986; x_wconf 87' lang='lat' dir='ltr'><strong>debet,</strong></span> <span class='ocrx_word' id='word_1_265' title='bbox 985 1958 1044 1979; x_wconf 84' lang='lat' dir='ltr'><strong>cur</strong></span> <span class='ocrx_word' id='word_1_266' title='bbox 1057 1945 1175 1979; x_wconf 82' lang='lat' dir='ltr'><strong>fecerit</strong></span> 
     </span>
    </p>
   </div>
   <div class='ocr_carea' id='block_1_3' title="bbox 44 2005 1175 2052">
    <p class='ocr_par' dir='ltr' id='par_1_3' title="bbox 44 2005 1175 2052">
     <span class='ocr_line' id='line_1_32' title="bbox 44 2005 1175 2052; baseline 0.001 -14"><span class='ocrx_word' id='word_1_267' title='bbox 44 2005 139 2040; x_wconf 83' lang='lat' dir='ltr'><strong>Deus</strong></span> <span class='ocrx_word' id='word_1_268' title='bbox 154 2016 334 2052; x_wconf 82' lang='lat' dir='ltr'><strong>serpentes,</strong></span> <span class='ocrx_word' id='word_1_269' title='bbox 359 2019 445 2052; x_wconf 87' lang='lat' dir='ltr'><strong>quos</strong></span> <span class='ocrx_word' id='word_1_270' title='bbox 461 2007 575 2040; x_wconf 83' lang='lat' dir='ltr'><strong>cibum</strong></span> <span class='ocrx_word' id='word_1_271' title='bbox 597 2006 708 2040; x_wconf 82' lang='lat' dir='ltr'><strong>videat</strong></span> <span class='ocrx_word' id='word_1_272' title='bbox 730 2008 896 2052; x_wconf 83' lang='lat' dir='ltr'><strong>praebere</strong></span> <span class='ocrx_word' id='word_1_273' title='bbox 920 2007 1038 2041; x_wconf 87' lang='lat' dir='ltr'><strong>cervis:</strong></span> <span class='ocrx_word' id='word_1_274' title='bbox 1063 2019 1175 2051; x_wconf 88' lang='lat' dir='ltr'><strong>neque</strong></span> 
     </span>
    </p>
   </div>
   <div class='ocr_carea' id='block_1_4' title="bbox 137 2190 1175 2293">
    <p class='ocr_par' dir='ltr' id='par_1_4' title="bbox 137 2190 1175 2293">
     <span class='ocr_line' id='line_1_33' title="bbox 141 2190 1175 2238; baseline 0.001 -14"><span class='ocrx_word' id='word_1_275' title='bbox 141 2190 175 2235; x_wconf 84' lang='lat'><strong>¹)</strong></span> <span class='ocrx_word' id='word_1_276' title='bbox 194 2191 281 2225; x_wconf 89' lang='lat' dir='ltr'><strong>Cod.</strong></span> <span class='ocrx_word' id='word_1_277' title='bbox 300 2192 404 2226; x_wconf 85' lang='lat' dir='ltr'><strong>sancti</strong></span> <span class='ocrx_word' id='word_1_278' title='bbox 417 2192 644 2226; x_wconf 79' lang='lat' dir='ltr'><strong>Theoderici:</strong></span> <span class='ocrx_word' id='word_1_279' title='bbox 671 2202 749 2234; x_wconf 87' lang='lat' dir='ltr'><strong>„est</strong></span> <span class='ocrx_word' id='word_1_280' title='bbox 760 2194 879 2238; x_wconf 74' lang='lat' dir='ltr'><strong>aliquis</strong></span> <span class='ocrx_word' id='word_1_281' title='bbox 893 2193 1024 2228; x_wconf 85' lang='lat' dir='ltr'><strong>etiam“</strong></span> <span class='ocrx_word' id='word_1_282' title='bbox 1048 2202 1111 2229; x_wconf 81' lang='lat' dir='ltr'><strong>etc.</strong></span> <span class='ocrx_word' id='word_1_283' title='bbox 1134 2193 1175 2226; x_wconf 85' lang='lat' dir='ltr'><strong>R.</strong></span> 
     </span>
     <span class='ocr_line' id='line_1_34' title="bbox 137 2246 1035 2293; baseline 0.004 -13"><span class='ocrx_word' id='word_1_284' title='bbox 137 2247 174 2289; x_wconf 86' lang='lat'><strong>²)</strong></span> <span class='ocrx_word' id='word_1_285' title='bbox 198 2247 287 2281; x_wconf 88' lang='lat' dir='ltr'><strong>Edd.</strong></span> <span class='ocrx_word' id='word_1_286' title='bbox 313 2247 466 2282; x_wconf 87' lang='lat' dir='ltr'><strong>Merlini:</strong></span> <span class='ocrx_word' id='word_1_287' title='bbox 491 2249 672 2293; x_wconf 84' lang='lat' dir='ltr'><strong>superfluo.</strong></span> <span class='ocrx_word' id='word_1_288' title='bbox 1033 2246 1035 2248; x_wconf 37' lang='lat'>¹</span> 
     </span>
    </p>
   </div>
  </div>
 </body>
</html>
