1427 2460
211 70 278 105 148
709 68 888 103 Omcssms

210 160 287 207 jora
310 159 488 205 promittis,
515 167 546 191 et
571 158 669 192 dicis:
701 158 806 199 „veni,
823 159 856 201 ¹)
887 157 1032 191 maledic
1056 157 1141 191 mihi
1165 158 1346 203 populum,

213 222 272 267 qui
296 221 394 255 exivit
418 222 460 255 de
485 222 668 267 Aegypto.“
723 220 792 254 Sed
816 219 975 260 Balaam,
1010 228 1048 252 ut
1083 218 1259 265 Scriptura
1283 220 1346 252 do-

214 293 275 323 cet,
299 282 411 316 retulit
433 282 517 315 haec
542 282 595 314 ad»
609 281 741 322 Deum,
777 295 794 314 a
832 295 900 327 quo
935 291 967 314 et
998 281 1111 314 venire
1134 280 1347 326 prohibetur.

214 345 283 378 Sed
308 354 339 377 et
363 344 485 377 iterum
509 356 564 376 rex
597 342 697 376 mittit
719 344 862 385 legatos,
893 352 924 376 et
947 342 1104 386 neglectis
1128 342 1228 376 armis
1251 355 1346 388 spem

214 418 351 438 omnem
376 405 476 451 ponit
499 405 533 438 in
557 405 717 444 Balaam,
740 414 778 438 ut
800 404 921 444 veniat,
945 414 976 438 et
1001 406 1102 438 verba
1127 406 1276 444 deferat,
1298 414 1348 437 at-

214 467 340 512 quein
363 467 532 513 populum
564 465 730 512 jaculetur
762 466 941 500 maledicta
972 480 1036 512 pro
1068 467 1158 506 telis,
1197 466 1225 499 si
1259 466 1347 499 forte

214 528 323 562 verbis
344 527 485 561 Balaam
509 527 662 561 vincatur
684 529 852 573 populus,
875 541 977 573 quem
999 527 1084 571 regis
1109 529 1270 561 exercitus
1293 540 1348 560 su-

213 603 333 636 perare
364 603 436 624 non
469 599 613 635 poterat.
678 589 773 623 Haec
803 589 944 623 historia
976 590 1058 635 quid
1089 587 1348 634 consequentiae

215 651 342 686 habet?
368 651 449 697 quid
464 650 596 685 consilii
614 651 717 694 tegit?
731 651 768 696 2>
792 651 861 685 Ubi
877 652 929 684 vel
948 644 1089 696 quando
1113 652 1267 685 auditum
1291 659 1349 690 est,

215 714 310 758 quod
335 714 408 758 quis
431 726 547 755 regum
572 713 771 746 imminente
802 712 866 746 sibi
900 713 1052 758 proelio,
1085 711 1214 746 omissis
1238 711 1350 751 armis,

216 774 429 819 exercituque
452 775 617 816 neglecto,
642 776 684 808 ad
709 774 813 808 divini
829 773 970 820 alicujus
992 775 1044 807 vel
1068 774 1231 819 aruspicis
1248 774 1350 806 verba

217 835 430 878 confugerit?
479 837 581 870 Unde
610 837 733 871 iterum
767 846 868 881 atque
903 835 1026 869 iterum
1050 835 1117 868 Dei
1146 834 1247 868 nobis
1271 847 1350 868 exo-

216 899 322 931 randa
347 906 396 931 est
419 898 533 940 gratia,
557 908 594 932 ut
617 899 699 931 haec
723 911 794 930 non
815 896 978 931 fabuIOSIs
1005 905 1037 930 et
1059 895 1209 930 Judaicis
1232 909 1350 930 narra-

216 958 383 1000 tionibus,
413 961 472 993 sed
504 960 728 994 rationalibus
760 969 791 992 et
816 959 921 1002 dignis
952 958 1064 992 divina
1087 959 1159 1000 lege
1182 957 1351 1002 possimus

215 1021 368 1055 sensibus
400 1022 576 1067 explicare.
632 1020 751 1054 Primo
786 1033 865 1063 ergo
901 1020 1056 1054 omnium
1087 1019 1264 1053 fatendum
1291 1028 1349 1058 est,

214 1082 250 1115 in
276 1082 482 1127 quibusdam
515 1084 591 1128 plus
622 1095 738 1127 posse,
777 1091 810 1115 et
840 1083 916 1127 plns
949 1082 1061 1115 valere
1093 1082 1212 1122 verba,
1247 1094 1351 1126 quam

217 1157 384 1189 corpora:
418 1145 515 1189 quia,
546 1145 640 1189 quod
667 1143 827 1177 exercitus
851 1144 1035 1176 multarum
1059 1143 1208 1186 gentium
1232 1142 1354 1188 nequi-

216 1214 267 1238 ret
293 1205 438 1245 efficere,
462 1206 557 1251 quod
580 1207 671 1239 ferro
699 1215 730 1238 et
754 1204 854 1239 armis
878 1218 949 1238 non
969 1213 1083 1249 posset
1105 1204 1263 1245 obtineri,
1285 1205 1353 1238 hoc

216 1267 326 1301 verbis
351 1267 514 1300 efficitur:
547 1277 578 1300 et
611 1281 681 1300 non
713 1267 790 1301 dico
815 1268 936 1300 sanctis
960 1267 1086 1308 verbis,
1112 1267 1163 1300 vel
1187 1266 1254 1301 Dei
1278 1279 1351 1300 ver-

216 1328 279 1370 bis,
304 1329 362 1361 sed
387 1328 495 1361 verbis
520 1329 740 1373 quibusdam,
773 1341 860 1374 quae
882 1328 970 1361 inter
993 1328 1150 1362 homines
1174 1329 1354 1368 habentur,

217 1402 304 1434 quae
328 1389 506 1435 quomodo
531 1390 717 1431 nominem,
741 1390 875 1423 nescio:
909 1398 987 1422 sunt
1008 1398 1122 1422 tamen
1145 1388 1258 1424 inutili
1281 1398 1353 1422 arte

217 1449 425 1496 composita,
457 1449 553 1495 cujus
577 1450 654 1485 artis
678 1451 885 1485 vocabulum
909 1450 995 1483 illud
1018 1450 1076 1490 sit,
1101 1451 1196 1495 quod
1219 1450 1353 1484 unicui-

218 1525 284 1558 que
307 1512 472 1557 appellari
496 1512 585 1547 libet.
625 1513 685 1547 Est
709 1525 799 1555 ergo,
824 1522 862 1546 ut
878 1512 956 1552 dixi,
977 1512 1070 1557 apud
1094 1512 1250 1545 homines
1266 1525 1353 1557 opus

217 1574 368 1620 aliquod,
393 1573 489 1619 quod
511 1572 622 1607 verbis
647 1574 799 1608 efficitur.
858 1573 1002 1618 Quid-³)
1033 1583 1148 1607 tamen
1179 1587 1264 1619 opus
1287 1575 1354 1608 tale

218 1645 282 1675 est,
313 1644 350 1668 ut
382 1635 532 1680 quamvis
563 1635 692 1677 magnis
722 1635 876 1681 corporis
907 1635 1034 1670 viribus
1064 1648 1136 1669 non
1159 1635 1265 1683 possit
1287 1636 1352 1669 im—

215 1695 329 1742 pleri?
376 1696 483 1730 Verbi
517 1696 635 1740 gratia,
672 1706 768 1730 erant
800 1697 835 1730 in
872 1698 1027 1744 Aegypto
1052 1696 1284 1732 incantatores
1321 1707 1354 1731 et

215 1757 312 1801 magi.
361 1757 448 1802 Quis
470 1767 582 1803 potest
605 1758 1020 1801 hominumssortitudine
1044 1759 1198 1804 corporis
1225 1759 1354 1801 virgam

215 1828 349 1853 mutare
371 1819 407 1852 in
430 1830 632 1866 serpentem,
658 1821 752 1866 quod
777 1821 820 1853 ab
843 1820 909 1854 illis
933 1821 1062 1853 sactum
1085 1819 1252 1854 refertur?
1283 1821 1354 1854 Aut

217 1881 290 1925 quis
314 1889 425 1926 potest
448 1881 575 1915 viribus
600 1881 754 1927 corporis
779 1894 902 1927 aquam
927 1880 1173 1924 insanguinem
1198 1879 1354 1915 vertere?

215 1942 386 1976 Fecerunt
417 1952 531 1976 tamen
562 1943 628 1976 hoc
662 1943 907 1990 Aegyptiorum
937 1942 1164 1977 incantatores
1197 1951 1230 1976 et
1253 1941 1353 1986 magi.

215 2002 356 2036 Fecerat
369 2003 457 2037 enim
477 2005 560 2038 haec
579 2006 673 2050 prins
690 2005 822 2039 Moses:
845 2006 904 2039 sed
927 2004 1004 2050 quia
1021 2003 1147 2038 sciebat
1165 2017 1222 2038 rex
1238 2005 1354 2049 Aegy·

309 2101 344 2147 ¹)
372 2103 475 2136 Num.
499 2103 612 2144 XXII,
636 2104 667 2138 6.
694 2105 769 2139 coll.
794 2106 826 2139 5.

303 2157 341 2200 ²)
365 2157 452 2192 Cod.
476 2158 711 2193 carnotensis:
736 2161 907 2202 „ostendit
917 2161 952 2195 ?“
978 2162 1017 2194 R.

213 2212 452 2290 Verbai)25dd'
479 2213 634 2249 Merum,-
661 2215 768 2260 Quod
780 2227 893 2251 tamen
915 2235 957 2244 -
982 2229 1053 2250 non
1073 2216 1178 2262 possit
1203 2215 1346 2261 impleri.
