1427 2460
530 69 806 94 PROLEGOMENA.
1188 72 1235 96 vu

100 150 233 184 minem
261 151 397 184 sactum
430 148 549 184 anima
580 150 782 195 praeditum
816 159 897 183 esse
927 148 1100 194 agnoscit.
1160 149 1232 184 Sed

103 211 314 257 specialiter
348 211 385 244 in
427 220 524 244 nono
568 210 686 244 Tomo
730 209 1101 253 Commentariorum,
1138 220 1230 255 quos

101 273 250 319 scripsit
279 273 315 306 in
341 272 508 315 Genesin,
544 271 650 316 hujus
685 271 740 306 rei
770 274 1035 306 sacramentum
1059 271 1229 317 exponit:

102 345 172 379 quo
196 334 469 368 locoAdamum
495 333 639 378 quidem
659 332 806 376 Christi,
828 333 942 376 Evam
967 338 1086 367 autem
1111 329 1227 366 eccle-

99 395 175 429 siae
197 398 325 440 typum
348 405 475 440 gerere
505 394 672 441 pluribus
695 394 818 429 verbis
844 394 1009 428 asseruit.
1061 394 1229 438 Denique

93 457 290 490 notandum
326 455 471 502 Τόμους
500 456 537 490 in
564 456 722 490 Genesin
749 466 822 490 non
847 455 1012 489 diversos
1041 455 1158 489 videri
1182 454 1227 490 ab

94 517 191 552 illius
232 528 364 563 opere,
408 518 505 562 quod
539 518 783 563 Hieronymus
822 516 927 562 epist.
959 518 1012 550 41.
1052 516 1142 551 alias
1172 518 1227 552 65.

93 578 348 613 Hexaemeron
370 583 498 622 vocat,
531 590 613 614 cum
638 579 703 614 ait:
740 589 878 624 „nuper
902 581 1048 612 sanctus
1070 578 1226 612 Ambro-

95 639 170 674 sius
196 641 249 675 sic
273 640 529 675 Hexaemeron
552 641 651 675 illius
677 640 906 686 compilavit,
937 643 977 674 ut
998 639 1114 686 magis
1138 640 1227 686 Hip.

91 702 213 748 polyti
237 701 435 737 sententias
458 701 660 746 Basiliique
684 704 932 747 sequeretur.“

179 765 240 796 ΙΙΙ.
287 763 342 797 Ex
366 762 544 797 horumce
565 763 602 797 in
618 763 776 798 Genesin
799 762 979 797 librorum
990 762 1224 798 Praefatione

88 825 326 870 fragmentum
349 835 476 868 unum,
502 827 539 859 et
563 825 661 860 aliud
686 835 831 870 quoque
856 835 876 858 e
899 824 998 859 libro
1020 824 1141 870 primo
1166 835 1224 858 re-

87 886 176 920 citat
206 885 419 932 Pamphilus
451 890 593 932 martyr
630 887 666 921 in
697 887 888 933 Apologia.
951 886 1008 919 Ex
1046 885 1103 919 his
1135 885 1223 919 item

87 947 213 981 Tomis
246 947 446 993 fragmenta
470 948 540 982 duo
574 949 649 983 suis
681 949 726 983 de
749 948 1037 994 Praeparatione
1061 948 1223 993 Evange-

85 1009 158 1044 lica
171 1009 277 1044 libris
293 1010 474 1044 Eusebius
492 1010 656 1045 inseruit..
688 1010 795 1044 Prius
817 1013 938 1044 exstat
952 1009 1048 1043 libro
1064 1009 1221 1055 septimo

84 1081 162 1116 cap.
175 1073 242 1113 20„
267 1075 304 1106 et
327 1072 458 1118 capitis
488 1072 627 1118 prioris
654 1072 841 1106 Geneseos
870 1082 1017 1106 versum
1050 1071 1222 1106 duodeci-

83 1143 181 1166 mum
213 1132 392 1178 explicat3
428 1132 785 1167 Commentariorum
818 1136 939 1166 autem
971 1136 1114 1178 partem
1139 1144 1221 1168 esse

85 1204 130 1227 ex
154 1193 239 1228 stilo
265 1194 445 1239 arguitur,
480 1198 519 1228 ut
544 1194 682 1240 optime
714 1193 900 1228 adnotavit
923 1193 1086 1229 Huetius.
1148 1195 1221 1228 Po-

82 1255 215 1289 sterius
238 1255 398 1290 illustrat
422 1256 554 1301 capitis
572 1256 734 1299 ejusdem
746 1264 892 1289 versum
910 1253 1090 1287 decimum
1114 1265 1219 1298 quar-

81 1319 176 1358 tum;
195 1316 298 1360 jacet
323 1320 443 1351 autem
467 1317 503 1350 in
528 1317 625 1351 libro
652 1320 758 1350 sexto
776 1314 1216 1362 EusebiiPraep.Evang.

80 1377 201 1423 capite
223 1378 429 1413 undecimo.
487 1379 653 1412 Habetur
685 1378 814 1419 etiam,
844 1376 962 1421 inquit
985 1377 1157 1419 Huetius,
1181 1378 1217 1411 in

78 1439 306 1474 Philocaliae
344 1441 466 1487 capite
498 1442 552 1476 22.
589 1440 783 1485 fragmenti
814 1438 921 1484 hujus
959 1449 1046 1483 pars
1083 1438 1216 1483 aliqua,

79 1502 173 1536 unde
205 1501 379 1536 discimus
412 1513 439 1536 e*
464 1502 574 1536 tertio
602 1502 721 1536 Tomo
749 1500 1106 1535 Commentariorum
1132 1500 1215 1534 Ori-

81 1562 181 1607 genis
207 1563 439 1609 depromtum
468 1563 558 1598 illud
584 1574 675 1598 esse.
735 1564 782 1597 At
812 1561 951 1596 fallitur
972 1561 1030 1595 vir
1054 1561 1215 1596 clarissi-

77 1634 175 1667 mus,
200 1635 283 1659 cum
307 1625 359 1659 ait
381 1625 488 1670 hujus
509 1625 702 1671 fragmenti
724 1627 868 1671 partem
893 1627 1032 1658 tantum
1056 1623 1214 1668 aliquam

77 1684 206 1719 haberi
228 1686 266 1720 in
287 1686 517 1721 Philocaliae
543 1687 665 1733 capite
688 1688 762 1729 22,
794 1695 875 1720 cum
900 1685 1009 1729 longe
1032 1684 1215 1731 prolixius

79 1746 126 1780 sit
148 1746 244 1781 istud
269 1748 509 1793 fragmentum
533 1748 571 1782 in
593 1747 818 1790 Philocalia,
851 1758 960 1792 quam
983 1748 1080 1792 apud
1103 1747 1215 1780 Euse-

80 1807 189 1849 bium,
213 1809 278 1842 ubi
303 1810 575 1854 desiderantur,
600 1821 694 1855 quae
718 1810 755 1844 in
778 1812 907 1844 nostra
932 1808 1095 1843 editione
1119 1818 1215 1843 num

78 1869 130 1902 12·
156 1869 209 1902 13·
235 1872 272 1902 et
295 1871 347 1906 14.
371 1872 614 1916 reperiuntur.
673 1872 780 1906 Aliud
812 1874 1008 1916 praeterea
1031 1868 1214 1915 reperitur

77 1929 316 1974 fragmentum
352 1931 580 1966 Philocaliae
623 1932 744 1978 capite
774 1933 845 1974 14„
886 1931 949 1965 ubi
988 1939 1034 1963 ex
1079 1928 1209 1962 eodem

78 1991 196 2024 Tomo
224 1991 336 2025 tertio
376 1992 531 2038 petitum
562 1993 600 2026 id
633 2003 713 2027 esse
745 1991 976 2037 significatur.
1042 1989 1211 2034 Denique

77 2052 258 2087 Eusebius
300 2052 392 2088 Hist.
428 2054 527 2089 Eccl.
563 2054 626 2088 lib.
654 2055 712 2088 III.
746 2064 824 2098 cap.
850 2054 880 2087 1.
914 2053 1013 2087 aliud
1049 2051 1210 2094 exhibet,

78 2115 176 2158 quod
206 2114 243 2148 in
282 2118 410 2150 nostra
439 2115 601 2150 editione
626 2115 863 2150 omittendum
894 2125 976 2149 esse
1009 2112 1211 2148 non‘duxi-

77 2186 167 2209 mus.
213 2175 314 2211 Haec
339 2177 421 2211 sola
444 2181 528 2212 sunt
550 2178 762 2223 fragmenta,
788 2187 880 2221 quae
901 2177 947 2210 ad
963 2176 1102 2210 Tomos
1126 2184 1211 2220 per-

76 2235 228 2274 tinuisse
251 2238 441 2275 adfirmare
464 2249 670 2286 possumus.
724 2238 982 2275 Theodoretus
1005 2236 1151 2283 quidem
1173 2234 1210 2269 in
