1427 2460
161 120 166 123 -
192 95 261 131 312
678 93 856 127 Omfflzms

197 184 295 218 domi
318 184 535 223 resederunt,
559 196 666 216 unum
693 197 730 217 ex
756 184 1010 229 quinquaginta.
1057 183 1332 228 Quingentorum

198 256 310 280 autem
339 255 372 279 et
395 245 638 291 quinquaginta
668 259 851 279 numerum
883 255 1035 279 sanctum
1062 259 1132 279 esse
1156 245 1331 291 Scriptura

194 317 342 342 testatur.
390 308 494 341 Unde
526 317 558 341 et
582 308 739 341 Salvator
770 307 905 340 dicebat
936 307 972 340 in
996 308 1205 350 Evangeliis:
1240 308 1332 348 „ho—

196 370 281 404 mini
300 369 335 414 ¹)
361 369 498 403 cuidam
520 369 732 402 foeneratori
757 378 851 402 erant
874 369 944 402 duo
971 368 1158 404 debitores:
1183 382 1271 403 unus
1296 382 1334 403 ex

195 432 276 476 ipsis
300 431 448 465 debebat
471 431 632 464 denarios
657 430 881 476 quingentos,
912 440 942 463 et
973 431 1056 465 alius
1081 430 1335 476 quinquaginta.

195 494 277 526 Non
302 493 506 527 habentibus
536 492 602 526 illis
625 493 717 526 unde
740 493 939 542 redderent,
980 493 1120 526 donavit
1142 493 1304 537 utrisque.
1313 495 1334 515 “

196 554 267 588 Sed
291 563 323 588 et
345 565 475 600 septem
497 554 707 600 septimanae
729 555 880 588 monade
898 553 949 599 ²),
966 554 1002 587 id
1027 563 1083 594 est,
1105 567 1178 587 uno
1203 554 1334 593 addito,

196 616 494 662 quinquagesimae
518 616 609 650 diem
640 615 785 656 faciunt,
817 629 903 661 quae
927 616 1144 649 pentecostes
1177 615 1334 649 festivitas

195 679 398 723 appellatur.
461 678 624 712 Similiter
655 687 687 711 et
717 679 926 723 septuaginta
955 678 1184 723 septimanae,
1220 678 1335 710 addita

195 739 297 773 unius
322 740 456 774 decadis
488 740 717 785 perfectione,
749 740 1014 784 quingentorum
1039 742 1226 772 ‘numerum
1257 740 1335 772 red-

196 800 293 834 dunt.
352 802 582 847 Sedbquanto
621 803 736 847 plures
765 811 844 835 sunt
876 801 1087 847 septuaginta
1117 801 1334 846 septimanae,

196 875 298 907 quam
328 873 477 908 septem,
514 873 609 897 tanto
639 864 867 909 praestantior
900 873 933 896 et
962 862 1149 908 perfectior
1171 874 1335 901 numerus

197 924 481 970 quingentorum,
516 939 616 971 quam
643 925 900 970 qninquaginta.
956 926 1044 958 Inde
1068 924 1217 969 denique
1240 933 1273 957 et
1298 922 1334 956 in

193 987 360 1030 parabola
382 987 576 1029 Evangelii,
617 1000 718 1032 quam
743 1001 846 1032 supra
874 986 1136 1032 proposuimus,
1178 986 1335 1020 Salvator

195 1056 312 1080 noster
340 1048 558 1093 pronuntiat,
590 1050 686 1094 quod
717 1050 793 1094 plus
826 1049 941 1092 diligat
971 1049 1047 1088 ille,
1071 1047 1126 1081 cui
1149 1045 1338 1092 quingenti,

197 1121 284 1153 quos
308 1110 472 1150 debebat,
509 1110 641 1145 denarii
666 1110 783 1144 donati
806 1101 900 1150 sunt,
932 1123 1034 1155 quam
1056 1109 1132 1149 ille,
1155 1108 1210 1141 cui
1235 1107 1335 1152 quin-

197 1170 367 1215 quaginta.

285 1235 316 1268 5.
363 1233 523 1279 Denique
548 1235 584 1267 iu
606 1234 774 1279 praesenti
796 1233 944 1267 lectione
959 1233 1102 1267 Eleazar
1116 1232 1155 1277 ³)
1176 1232 1334 1266 sacerdos

195 1308 268 1328 non
293 1295 451 1329 scribitur
474 1298 516 1329 ad
544 1309 682 1329 omnem
713 1296 885 1340 populum
916 1296 1068 1336 locutus,
1105 1296 1165 1328 sed
1201 1295 1245 1328 ad
1276 1306 1333 1327 eos

193 1365 344 1396 tantum.
369 1358 427 1402 qui
452 1358 494 1391 de
517 1359 652 1403 proelio
681 1358 837 1392 redeunt.
888 1357 943 1390 Ait
968 1357 1076 1390 enim:
1113 1365 1175 1397 „et
1190 1356 1228 1398 ⁴¹)
1253 1355 1333 1389 dixit

197 1418 340 1451 Eleazar
369 1420 527 1453 sacerdos
559 1420 602 1452 ad
626 1418 715 1452 viros
746 1418 892 1457 virtutis,
925 1419 983 1462 qui
1013 1418 1267 1451 revertebantur
1291 1417 1333 1449 de

194 1479 340 1524 proelio·
351 1485 370 1500 “
409 1481 511 1515 Vides
530 1493 619 1523 ergo,
644 1481 822 1525 quomodo
849 1481 890 1512 ad
915 1478 1003 1512 viros
1028 1480 1156 1519 virtutis
1181 1479 1333 1523 loquitur

194 1554 307 1575 sermo
332 1541 408 1575 Dei.
455 1542 531 1575 Viri
556 1542 646 1575 enim
672 1541 800 1575 virtutis
825 1551 919 1579 sunt,
946 1541 1004 1586 qui
1029 1542 1071 1574 ad
1096 1541 1225 1573 bellum
1250 1553 1331 1584 pro-

196 1605 330 1636 cedunt.
376 1603 415 1637 Si
444 1605 517 1648 quis
542 1617 621 1637 vero
645 1616 798 1649 pugnare
821 1617 893 1636 non
919 1603 1005 1645 vult,
1029 1616 1094 1636 nec
1117 1603 1282 1643 militare,
1306 1602 1332 1635 si

195 1666 268 1710 quis
292 1679 366 1699 non
391 1665 462 1698 vult
485 1667 611 1699 habere
639 1675 811 1699 certamen
834 1666 1026 1699 studiorum
1056 1665 1268 1704 divinorum,
1300 1673 1331 1697 et

197 1726 433 1767 abstinentiae,
457 1728 512 1760 hic
537 1741 608 1760 non
635 1728 705 1761 vult
728 1727 871 1771 implere
894 1728 997 1768 illud,
1027 1728 1123 1772 quod
1147 1727 1332 1772 Apostolus

290 1982 324 2026 ¹)
348 1982 429 2015 Luc.
446 1981 521 2020 VII,
544 1981 599 2016 41.
622 1981 676 2014 42.

286 2039 323 2081 2)
347 2038 412 2070 Ed.
435 2036 545 2070 Ruaei
568 2036 657 2070 sola:
682 2037 841 2069 monada.

285 2093 322 2137 ³)
348 2092 434 2126 Cod.
465 2093 571 2126 sancti
602 2091 831 2125 Theudorici:
865 2090 1033 2130 „Eleazar
1065 2090 1223 2124 sacerdos
1254 2103 1348 2122 non.

194 2150 236 2182 ad
262 2162 379 2182 omnes
403 2147 493 2182 viros
518 2148 664 2188 virtutis,
698 2147 1037 2192 quirrevcrtebamur
1069 2147 1112 2181 ad
1144 2145 1325 2191 populum,

191 2207 325 2238 locutus
349 2214 406 2243 est,
429 2205 488 2237 sed
513 2205 554 2236 ad
579 2218 637 2237 eus
662 2207 819 2236 tantum“
846 2212 906 2236 etc.
931 2203 970 2235 R.

286 2260 322 2304 4)
348 2261 447 2294 Num.
474 2260 611 2299 xxm,
634 2261 688 2294 21.
