<?xml version="1.0" encoding="UTF-8"?>
<!DOCTYPE html PUBLIC "-//W3C//DTD XHTML 1.0 Transitional//EN"
    "http://www.w3.org/TR/xhtml1/DTD/xhtml1-transitional.dtd">
<html xmlns="http://www.w3.org/1999/xhtml" xml:lang="en" lang="en">
 <head>
  <title>
</title>
<meta http-equiv="Content-Type" content="text/html;charset=utf-8" />
  <meta name='ocr-system' content='tesseract 3.04.00' />
  <meta name='ocr-capabilities' content='ocr_page ocr_carea ocr_par ocr_line ocrx_word'/>
</head>
<body>
  <div class='ocr_page' id='page_1' title='image "./operaomniaquaegr10orig_0049.png"; bbox 0 0 1427 2460; ppageno 0'>
   <div class='ocr_carea' id='block_1_1' title="bbox 398 83 1224 120">
    <p class='ocr_par' dir='ltr' id='par_1_1' title="bbox 398 83 1224 120">
     <span class='ocr_line' id='line_1_1' title="bbox 398 83 1224 120; baseline 0.001 -1"><span class='ocrx_word' id='word_1_1' title='bbox 398 95 435 119; x_wconf 76' lang='lat' dir='ltr'><strong>m</strong></span> <span class='ocrx_word' id='word_1_2' title='bbox 459 86 638 119; x_wconf 69' lang='lat' dir='ltr'><strong>Nummos</strong></span> <span class='ocrx_word' id='word_1_3' title='bbox 662 84 824 118; x_wconf 78' lang='lat' dir='ltr'>HOMILIA</span> <span class='ocrx_word' id='word_1_4' title='bbox 846 83 904 117; x_wconf 83' lang='lat'>111.</span> <span class='ocrx_word' id='word_1_5' title='bbox 1179 86 1224 120; x_wconf 81' lang='lat'><strong>27</strong></span> 
     </span>
    </p>
   </div>
   <div class='ocr_carea' id='block_1_2' title="bbox 66 173 1244 1946">
    <p class='ocr_par' dir='ltr' id='par_1_2' title="bbox 66 173 1238 1564">
     <span class='ocr_line' id='line_1_2' title="bbox 97 173 1227 219; baseline -0.001 -11"><span class='ocrx_word' id='word_1_6' title='bbox 97 184 193 209; x_wconf 84' lang='lat' dir='ltr'><strong>cente</strong></span> <span class='ocrx_word' id='word_1_7' title='bbox 215 175 367 209; x_wconf 84' lang='lat' dir='ltr'><strong>Joanne:</strong></span> <span class='ocrx_word' id='word_1_8' title='bbox 391 174 543 216; x_wconf 87' lang='lat' dir='ltr'><strong>„medius</strong></span> <span class='ocrx_word' id='word_1_9' title='bbox 555 174 590 219; x_wconf 88' lang='lat'><strong>¹)</strong></span> <span class='ocrx_word' id='word_1_10' title='bbox 609 182 755 208; x_wconf 77' lang='lat' dir='ltr'><strong>vestrum</strong></span> <span class='ocrx_word' id='word_1_11' title='bbox 774 181 847 213; x_wconf 85' lang='lat' dir='ltr'><strong>stat,</strong></span> <span class='ocrx_word' id='word_1_12' title='bbox 872 185 972 218; x_wconf 85' lang='lat' dir='ltr'><strong>quem</strong></span> <span class='ocrx_word' id='word_1_13' title='bbox 987 185 1046 207; x_wconf 87' lang='lat' dir='ltr'><strong>vos</strong></span> <span class='ocrx_word' id='word_1_14' title='bbox 1061 173 1227 208; x_wconf 84' lang='lat' dir='ltr'><strong>nescitis.“</strong></span> 
     </span>
     <span class='ocr_line' id='line_1_3' title="bbox 95 235 1227 282; baseline 0 -13"><span class='ocrx_word' id='word_1_15' title='bbox 95 236 186 269; x_wconf 89' lang='lat' dir='ltr'><strong>Puto</strong></span> <span class='ocrx_word' id='word_1_16' title='bbox 211 249 290 279; x_wconf 83' lang='lat' dir='ltr'><strong>ergo</strong></span> <span class='ocrx_word' id='word_1_17' title='bbox 316 250 411 279; x_wconf 88' lang='lat' dir='ltr'><strong>eum,</strong></span> <span class='ocrx_word' id='word_1_18' title='bbox 447 236 504 282; x_wconf 85' lang='lat' dir='ltr'><strong>qui</strong></span> <span class='ocrx_word' id='word_1_19' title='bbox 534 249 713 280; x_wconf 87' lang='lat' dir='ltr'><strong>nunquam</strong></span> <span class='ocrx_word' id='word_1_20' title='bbox 738 235 954 269; x_wconf 78' lang='lat' dir='ltr'>declinaverit</span> <span class='ocrx_word' id='word_1_21' title='bbox 984 237 1027 269; x_wconf 89' lang='lat' dir='ltr'><strong>ad</strong></span> <span class='ocrx_word' id='word_1_22' title='bbox 1063 237 1227 275; x_wconf 80' lang='lat' dir='ltr'><strong>dextram,</strong></span> 
     </span>
     <span class='ocr_line' id='line_1_4' title="bbox 75 296 1228 343; baseline 0 -12"><span class='ocrx_word' id='word_1_23' title='bbox 75 297 207 342; x_wconf 44' lang='lat' dir='ltr'><strong>&#39;neque</strong></span> <span class='ocrx_word' id='word_1_24' title='bbox 231 299 274 331; x_wconf 82' lang='lat' dir='ltr'><strong>ad</strong></span> <span class='ocrx_word' id='word_1_25' title='bbox 297 298 473 338; x_wconf 78' lang='lat' dir='ltr'><strong>sinistram,</strong></span> <span class='ocrx_word' id='word_1_26' title='bbox 497 298 563 331; x_wconf 89' lang='lat' dir='ltr'><strong>dici</strong></span> <span class='ocrx_word' id='word_1_27' title='bbox 585 311 686 343; x_wconf 89' lang='lat' dir='ltr'><strong>posse</strong></span> <span class='ocrx_word' id='word_1_28' title='bbox 706 297 858 331; x_wconf 84' lang='lat' dir='ltr'><strong>medium</strong></span> <span class='ocrx_word' id='word_1_29' title='bbox 875 307 972 337; x_wconf 85' lang='lat' dir='ltr'><strong>stare,</strong></span> <span class='ocrx_word' id='word_1_30' title='bbox 996 296 1102 342; x_wconf 85' lang='lat' dir='ltr'><strong>qui2)</strong></span> <span class='ocrx_word' id='word_1_31' title='bbox 1125 311 1228 343; x_wconf 83' lang='lat' dir='ltr'><strong>„pec-</strong></span> 
     </span>
     <span class='ocr_line' id='line_1_5' title="bbox 98 357 1229 404; baseline 0.003 -13"><span class='ocrx_word' id='word_1_32' title='bbox 98 368 210 392; x_wconf 84' lang='lat' dir='ltr'><strong>catum</strong></span> <span class='ocrx_word' id='word_1_33' title='bbox 232 372 304 393; x_wconf 91' lang='lat' dir='ltr'><strong>non</strong></span> <span class='ocrx_word' id='word_1_34' title='bbox 328 361 417 400; x_wconf 87' lang='lat' dir='ltr'><strong>fecit,</strong></span> <span class='ocrx_word' id='word_1_35' title='bbox 438 374 502 394; x_wconf 86' lang='lat' dir='ltr'><strong>nec</strong></span> <span class='ocrx_word' id='word_1_36' title='bbox 526 360 681 394; x_wconf 84' lang='lat' dir='ltr'><strong>inventus</strong></span> <span class='ocrx_word' id='word_1_37' title='bbox 704 369 752 393; x_wconf 87' lang='lat' dir='ltr'><strong>est</strong></span> <span class='ocrx_word' id='word_1_38' title='bbox 776 360 874 393; x_wconf 90' lang='lat' dir='ltr'><strong>dolus</strong></span> <span class='ocrx_word' id='word_1_39' title='bbox 898 360 935 392; x_wconf 89' lang='lat' dir='ltr'><strong>in</strong></span> <span class='ocrx_word' id='word_1_40' title='bbox 964 372 1023 392; x_wconf 88' lang='lat' dir='ltr'><strong>ore</strong></span> <span class='ocrx_word' id='word_1_41' title='bbox 1045 357 1147 404; x_wconf 87' lang='lat' dir='ltr'><strong>ejus.“</strong></span> <span class='ocrx_word' id='word_1_42' title='bbox 1182 361 1229 394; x_wconf 88' lang='lat' dir='ltr'><strong>Et</strong></span> 
     </span>
     <span class='ocr_line' id='line_1_6' title="bbox 96 420 1227 467; baseline 0.003 -15"><span class='ocrx_word' id='word_1_43' title='bbox 96 420 174 453; x_wconf 86' lang='lat' dir='ltr'><strong>ideo</strong></span> <span class='ocrx_word' id='word_1_44' title='bbox 199 421 255 453; x_wconf 87' lang='lat' dir='ltr'><strong>ille</strong></span> <span class='ocrx_word' id='word_1_45' title='bbox 280 422 435 466; x_wconf 86' lang='lat' dir='ltr'><strong>quidem,</strong></span> <span class='ocrx_word' id='word_1_46' title='bbox 460 423 537 467; x_wconf 84' lang='lat' dir='ltr'><strong>quia</strong></span> <span class='ocrx_word' id='word_1_47' title='bbox 563 435 696 467; x_wconf 85' lang='lat' dir='ltr'><strong>semper</strong></span> <span class='ocrx_word' id='word_1_48' title='bbox 720 431 800 461; x_wconf 87' lang='lat' dir='ltr'><strong>stat,</strong></span> <span class='ocrx_word' id='word_1_49' title='bbox 829 421 959 454; x_wconf 86' lang='lat' dir='ltr'><strong>medius</strong></span> <span class='ocrx_word' id='word_1_50' title='bbox 983 430 1069 453; x_wconf 80' lang='lat' dir='ltr'><strong>stare</strong></span> <span class='ocrx_word' id='word_1_51' title='bbox 1095 421 1227 455; x_wconf 79' lang='lat' dir='ltr'><strong>dicitur.</strong></span> 
     </span>
     <span class='ocr_line' id='line_1_7' title="bbox 96 482 1229 529; baseline 0.003 -15"><span class='ocrx_word' id='word_1_52' title='bbox 96 482 133 515; x_wconf 87' lang='lat' dir='ltr'><strong>Si</strong></span> <span class='ocrx_word' id='word_1_53' title='bbox 158 482 231 526; x_wconf 87' lang='lat' dir='ltr'><strong>quis</strong></span> <span class='ocrx_word' id='word_1_54' title='bbox 255 496 334 516; x_wconf 87' lang='lat' dir='ltr'><strong>vero</strong></span> <span class='ocrx_word' id='word_1_55' title='bbox 360 483 510 517; x_wconf 76' lang='lat' dir='ltr'>imitator</span> <span class='ocrx_word' id='word_1_56' title='bbox 535 483 605 529; x_wconf 84' lang='lat' dir='ltr'><strong>ejus</strong></span> <span class='ocrx_word' id='word_1_57' title='bbox 631 495 687 524; x_wconf 85' lang='lat' dir='ltr'><strong>est,</strong></span> <span class='ocrx_word' id='word_1_58' title='bbox 711 484 797 516; x_wconf 84' lang='lat' dir='ltr'><strong>sicut</strong></span> <span class='ocrx_word' id='word_1_59' title='bbox 821 496 938 516; x_wconf 87' lang='lat' dir='ltr'><strong>omnes</strong></span> <span class='ocrx_word' id='word_1_60' title='bbox 963 482 1086 522; x_wconf 79' lang='lat' dir='ltr'><strong>sancti,</strong></span> <span class='ocrx_word' id='word_1_61' title='bbox 1118 493 1149 516; x_wconf 89' lang='lat' dir='ltr'><strong>et</strong></span> <span class='ocrx_word' id='word_1_62' title='bbox 1171 485 1229 517; x_wconf 81' lang='lat' dir='ltr'><strong>illa</strong></span> 
     </span>
     <span class='ocr_line' id='line_1_8' title="bbox 94 544 1230 592; baseline 0.003 -17"><span class='ocrx_word' id='word_1_63' title='bbox 94 544 193 576; x_wconf 83' lang='lat' dir='ltr'><strong>beata</strong></span> <span class='ocrx_word' id='word_1_64' title='bbox 222 545 361 585; x_wconf 87' lang='lat' dir='ltr'><strong>mulier,</strong></span> <span class='ocrx_word' id='word_1_65' title='bbox 401 544 493 592; x_wconf 86' lang='lat' dir='ltr'><strong>cujus</strong></span> <span class='ocrx_word' id='word_1_66' title='bbox 523 548 676 591; x_wconf 87' lang='lat' dir='ltr'><strong>superius</strong></span> <span class='ocrx_word' id='word_1_67' title='bbox 707 545 848 578; x_wconf 77' lang='lat' dir='ltr'>fecimus</span> <span class='ocrx_word' id='word_1_68' title='bbox 878 544 1105 584; x_wconf 78' lang='lat' dir='ltr'><strong>mentionem,</strong></span> <span class='ocrx_word' id='word_1_69' title='bbox 1144 554 1230 578; x_wconf 81' lang='lat' dir='ltr'><strong>stare</strong></span> 
     </span>
     <span class='ocr_line' id='line_1_9' title="bbox 95 605 1231 651; baseline 0.004 -15"><span class='ocrx_word' id='word_1_70' title='bbox 95 605 234 648; x_wconf 88' lang='lat' dir='ltr'><strong>quidem</strong></span> <span class='ocrx_word' id='word_1_71' title='bbox 257 620 329 640; x_wconf 90' lang='lat' dir='ltr'><strong>non</strong></span> <span class='ocrx_word' id='word_1_72' title='bbox 355 608 485 641; x_wconf 86' lang='lat' dir='ltr'><strong>dicitur.</strong></span> <span class='ocrx_word' id='word_1_73' title='bbox 538 608 618 640; x_wconf 90' lang='lat' dir='ltr'><strong>Non</strong></span> <span class='ocrx_word' id='word_1_74' title='bbox 644 607 731 640; x_wconf 86' lang='lat' dir='ltr'><strong>enim</strong></span> <span class='ocrx_word' id='word_1_75' title='bbox 756 615 868 651; x_wconf 85' lang='lat' dir='ltr'><strong>potest</strong></span> <span class='ocrx_word' id='word_1_76' title='bbox 897 605 980 646; x_wconf 82' lang='lat' dir='ltr'><strong>fieri,</strong></span> <span class='ocrx_word' id='word_1_77' title='bbox 1010 616 1047 639; x_wconf 92' lang='lat' dir='ltr'><strong>ut</strong></span> <span class='ocrx_word' id='word_1_78' title='bbox 1070 620 1142 639; x_wconf 91' lang='lat' dir='ltr'><strong>non</strong></span> <span class='ocrx_word' id='word_1_79' title='bbox 1170 608 1231 641; x_wconf 84' lang='lat' dir='ltr'><strong>ali-</strong></span> 
     </span>
     <span class='ocr_line' id='line_1_10' title="bbox 96 668 1230 714; baseline 0.004 -16"><span class='ocrx_word' id='word_1_80' title='bbox 96 668 254 710; x_wconf 79' lang='lat' dir='ltr'><strong>quando,</strong></span> <span class='ocrx_word' id='word_1_81' title='bbox 287 679 345 702; x_wconf 88' lang='lat' dir='ltr'><strong>aut</strong></span> <span class='ocrx_word' id='word_1_82' title='bbox 368 671 410 702; x_wconf 84' lang='lat' dir='ltr'><strong>ad</strong></span> <span class='ocrx_word' id='word_1_83' title='bbox 442 671 591 702; x_wconf 78' lang='lat' dir='ltr'><strong>dextram</strong></span> <span class='ocrx_word' id='word_1_84' title='bbox 618 669 691 714; x_wconf 89' lang='lat' dir='ltr'><strong>quis</strong></span> <span class='ocrx_word' id='word_1_85' title='bbox 721 669 901 701; x_wconf 87' lang='lat' dir='ltr'><strong>inclinatus</strong></span> <span class='ocrx_word' id='word_1_86' title='bbox 923 668 975 709; x_wconf 88' lang='lat' dir='ltr'><strong>sit,</strong></span> <span class='ocrx_word' id='word_1_87' title='bbox 1000 678 1058 701; x_wconf 88' lang='lat' dir='ltr'><strong>aut</strong></span> <span class='ocrx_word' id='word_1_88' title='bbox 1083 671 1124 701; x_wconf 88' lang='lat' dir='ltr'><strong>ad</strong></span> <span class='ocrx_word' id='word_1_89' title='bbox 1149 669 1230 702; x_wconf 87' lang='lat' dir='ltr'><strong>sini-</strong></span> 
     </span>
     <span class='ocr_line' id='line_1_11' title="bbox 97 729 1232 776; baseline 0.004 -16"><span class='ocrx_word' id='word_1_90' title='bbox 97 736 210 763; x_wconf 83' lang='lat' dir='ltr'><strong>stram.</strong></span> <span class='ocrx_word' id='word_1_91' title='bbox 247 730 429 776; x_wconf 81' lang='lat' dir='ltr'><strong>„Nemo³)</strong></span> <span class='ocrx_word' id='word_1_92' title='bbox 453 730 542 763; x_wconf 87' lang='lat' dir='ltr'><strong>enim</strong></span> <span class='ocrx_word' id='word_1_93' title='bbox 563 729 710 763; x_wconf 78' lang='lat' dir='ltr'><strong>mundus</strong></span> <span class='ocrx_word' id='word_1_94' title='bbox 729 744 747 763; x_wconf 89' lang='lat' dir='ltr'><strong>a</strong></span> <span class='ocrx_word' id='word_1_95' title='bbox 767 731 878 770; x_wconf 90' lang='lat' dir='ltr'><strong>sorde,</strong></span> <span class='ocrx_word' id='word_1_96' title='bbox 901 742 965 762; x_wconf 91' lang='lat' dir='ltr'><strong>nec</strong></span> <span class='ocrx_word' id='word_1_97' title='bbox 990 729 1016 762; x_wconf 87' lang='lat' dir='ltr'><strong>si</strong></span> <span class='ocrx_word' id='word_1_98' title='bbox 1041 731 1139 763; x_wconf 90' lang='lat' dir='ltr'><strong>unius</strong></span> <span class='ocrx_word' id='word_1_99' title='bbox 1164 731 1232 764; x_wconf 82' lang='lat' dir='ltr'><strong>diei</strong></span> 
     </span>
     <span class='ocr_line' id='line_1_12' title="bbox 95 788 1230 837; baseline 0.003 -15"><span class='ocrx_word' id='word_1_100' title='bbox 95 788 198 823; x_wconf 83' lang='lat' dir='ltr'><strong>fuerit</strong></span> <span class='ocrx_word' id='word_1_101' title='bbox 220 792 284 824; x_wconf 88' lang='lat' dir='ltr'><strong>vita</strong></span> <span class='ocrx_word' id='word_1_102' title='bbox 310 791 411 836; x_wconf 73' lang='lat' dir='ltr'><strong>ejus.“</strong></span> <span class='ocrx_word' id='word_1_103' title='bbox 444 791 606 825; x_wconf 80' lang='lat' dir='ltr'>Habitare</span> <span class='ocrx_word' id='word_1_104' title='bbox 626 801 738 825; x_wconf 90' lang='lat' dir='ltr'><strong>tamen</strong></span> <span class='ocrx_word' id='word_1_105' title='bbox 764 791 886 824; x_wconf 85' lang='lat' dir='ltr'><strong>dicitur</strong></span> <span class='ocrx_word' id='word_1_106' title='bbox 908 791 942 824; x_wconf 79' lang='lat' dir='ltr'><strong>in</strong></span> <span class='ocrx_word' id='word_1_107' title='bbox 958 792 1073 824; x_wconf 88' lang='lat' dir='ltr'><strong>medio</strong></span> <span class='ocrx_word' id='word_1_108' title='bbox 1090 792 1230 837; x_wconf 87' lang='lat' dir='ltr'><strong>populi:</strong></span> 
     </span>
     <span class='ocr_line' id='line_1_13' title="bbox 97 851 1232 895; baseline 0.004 -12"><span class='ocrx_word' id='word_1_109' title='bbox 97 859 129 883; x_wconf 89' lang='lat' dir='ltr'><strong>et</strong></span> <span class='ocrx_word' id='word_1_110' title='bbox 163 851 297 886; x_wconf 81' lang='lat' dir='ltr'><strong>Levitae</strong></span> <span class='ocrx_word' id='word_1_111' title='bbox 328 866 406 895; x_wconf 84' lang='lat' dir='ltr'><strong>ergo</strong></span> <span class='ocrx_word' id='word_1_112' title='bbox 443 863 660 888; x_wconf 87' lang='lat' dir='ltr'><strong>assumuntur</strong></span> <span class='ocrx_word' id='word_1_113' title='bbox 700 855 742 886; x_wconf 91' lang='lat' dir='ltr'><strong>de</strong></span> <span class='ocrx_word' id='word_1_114' title='bbox 774 853 890 886; x_wconf 84' lang='lat' dir='ltr'><strong>medio</strong></span> <span class='ocrx_word' id='word_1_115' title='bbox 924 853 1074 886; x_wconf 79' lang='lat' dir='ltr'><strong>filiorum</strong></span> <span class='ocrx_word' id='word_1_116' title='bbox 1118 856 1232 888; x_wconf 86' lang='lat' dir='ltr'><strong>Israel.</strong></span> 
     </span>
     <span class='ocr_line' id='line_1_14' title="bbox 95 911 1234 960; baseline 0.005 -16"><span class='ocrx_word' id='word_1_117' title='bbox 95 911 229 946; x_wconf 78' lang='lat' dir='ltr'>Levitae</span> <span class='ocrx_word' id='word_1_118' title='bbox 251 924 330 947; x_wconf 87' lang='lat' dir='ltr'><strong>sunt</strong></span> <span class='ocrx_word' id='word_1_119' title='bbox 355 914 456 955; x_wconf 90' lang='lat' dir='ltr'><strong>enim,</strong></span> <span class='ocrx_word' id='word_1_120' title='bbox 492 916 551 960; x_wconf 90' lang='lat' dir='ltr'><strong>qui</strong></span> <span class='ocrx_word' id='word_1_121' title='bbox 574 929 647 948; x_wconf 90' lang='lat' dir='ltr'><strong>non</strong></span> <span class='ocrx_word' id='word_1_122' title='bbox 672 925 906 957; x_wconf 85' lang='lat' dir='ltr'><strong>cognoverunt</strong></span> <span class='ocrx_word' id='word_1_123' title='bbox 930 917 1100 957; x_wconf 81' lang='lat' dir='ltr'><strong>dextram,</strong></span> <span class='ocrx_word' id='word_1_124' title='bbox 1134 926 1165 949; x_wconf 90' lang='lat' dir='ltr'><strong>et</strong></span> <span class='ocrx_word' id='word_1_125' title='bbox 1187 916 1234 950; x_wconf 85' lang='lat' dir='ltr'><strong>si-</strong></span> 
     </span>
     <span class='ocr_line' id='line_1_15' title="bbox 95 973 1233 1022; baseline 0.005 -17"><span class='ocrx_word' id='word_1_126' title='bbox 95 973 235 1009; x_wconf 83' lang='lat' dir='ltr'><strong>nistram</strong></span> <span class='ocrx_word' id='word_1_127' title='bbox 260 989 373 1017; x_wconf 88' lang='lat' dir='ltr'><strong>suam,</strong></span> <span class='ocrx_word' id='word_1_128' title='bbox 403 979 462 1010; x_wconf 87' lang='lat' dir='ltr'><strong>sed</strong></span> <span class='ocrx_word' id='word_1_129' title='bbox 492 986 668 1022; x_wconf 84' lang='lat' dir='ltr'><strong>sequentes</strong></span> <span class='ocrx_word' id='word_1_130' title='bbox 700 976 844 1017; x_wconf 85' lang='lat' dir='ltr'><strong>Mosen,</strong></span> <span class='ocrx_word' id='word_1_131' title='bbox 867 977 902 1011; x_wconf 85' lang='lat' dir='ltr'><strong>id</strong></span> <span class='ocrx_word' id='word_1_132' title='bbox 928 987 990 1018; x_wconf 88' lang='lat' dir='ltr'><strong>est,</strong></span> <span class='ocrx_word' id='word_1_133' title='bbox 1023 978 1130 1020; x_wconf 86' lang='lat' dir='ltr'><strong>legem</strong></span> <span class='ocrx_word' id='word_1_134' title='bbox 1156 979 1233 1019; x_wconf 86' lang='lat' dir='ltr'><strong>Dei,</strong></span> 
     </span>
     <span class='ocr_line' id='line_1_16' title="bbox 95 1027 1235 1084; baseline 0.006 -17"><span class='ocrx_word' id='word_1_135' title='bbox 95 1027 417 1081; x_wconf 42' lang='lat' dir='ltr'><strong>non⁴pepercerunt</strong></span> <span class='ocrx_word' id='word_1_136' title='bbox 439 1039 537 1084; x_wconf 87' lang='lat' dir='ltr'><strong>patri,</strong></span> <span class='ocrx_word' id='word_1_137' title='bbox 559 1052 623 1072; x_wconf 87' lang='lat' dir='ltr'><strong>nec</strong></span> <span class='ocrx_word' id='word_1_138' title='bbox 647 1038 756 1071; x_wconf 86' lang='lat' dir='ltr'><strong>matri.</strong></span> <span class='ocrx_word' id='word_1_139' title='bbox 796 1040 842 1072; x_wconf 88' lang='lat' dir='ltr'><strong>Et</strong></span> <span class='ocrx_word' id='word_1_140' title='bbox 865 1049 901 1073; x_wconf 87' lang='lat' dir='ltr'><strong>tu</strong></span> <span class='ocrx_word' id='word_1_141' title='bbox 927 1051 1006 1080; x_wconf 84' lang='lat' dir='ltr'><strong>ergo</strong></span> <span class='ocrx_word' id='word_1_142' title='bbox 1031 1039 1057 1072; x_wconf 88' lang='lat' dir='ltr'><strong>si</strong></span> <span class='ocrx_word' id='word_1_143' title='bbox 1081 1040 1235 1074; x_wconf 84' lang='lat' dir='ltr'><strong>veniente</strong></span> 
     </span>
     <span class='ocr_line' id='line_1_17' title="bbox 97 1097 1236 1146; baseline 0.007 -19"><span class='ocrx_word' id='word_1_144' title='bbox 97 1097 295 1136; x_wconf 82' lang='lat' dir='ltr'><strong>tentatione,</strong></span> <span class='ocrx_word' id='word_1_145' title='bbox 317 1099 344 1133; x_wconf 87' lang='lat' dir='ltr'><strong>si</strong></span> <span class='ocrx_word' id='word_1_146' title='bbox 365 1099 520 1133; x_wconf 84' lang='lat' dir='ltr'><strong>veniente</strong></span> <span class='ocrx_word' id='word_1_147' title='bbox 542 1100 590 1134; x_wconf 89' lang='lat' dir='ltr'><strong>ira</strong></span> <span class='ocrx_word' id='word_1_148' title='bbox 615 1100 747 1146; x_wconf 87' lang='lat' dir='ltr'><strong>peccati</strong></span> <span class='ocrx_word' id='word_1_149' title='bbox 769 1114 841 1134; x_wconf 89' lang='lat' dir='ltr'><strong>non</strong></span> <span class='ocrx_word' id='word_1_150' title='bbox 867 1101 1039 1135; x_wconf 85' lang='lat' dir='ltr'><strong>inclineris</strong></span> <span class='ocrx_word' id='word_1_151' title='bbox 1058 1103 1100 1134; x_wconf 83' lang='lat' dir='ltr'><strong>ad</strong></span> <span class='ocrx_word' id='word_1_152' title='bbox 1122 1103 1236 1136; x_wconf 86' lang='lat' dir='ltr'><strong>dexte-</strong></span> 
     </span>
     <span class='ocr_line' id='line_1_18' title="bbox 99 1154 1235 1206; baseline 0.005 -15"><span class='ocrx_word' id='word_1_153' title='bbox 99 1170 191 1198; x_wconf 82' lang='lat' dir='ltr'><strong>ram,</strong></span> <span class='ocrx_word' id='word_1_154' title='bbox 221 1172 334 1204; x_wconf 90' lang='lat' dir='ltr'><strong>neque</strong></span> <span class='ocrx_word' id='word_1_155' title='bbox 357 1163 399 1194; x_wconf 88' lang='lat' dir='ltr'><strong>ad</strong></span> <span class='ocrx_word' id='word_1_156' title='bbox 424 1162 611 1202; x_wconf 78' lang='lat' dir='ltr'><strong>sinistram,</strong></span> <span class='ocrx_word' id='word_1_157' title='bbox 642 1175 705 1194; x_wconf 89' lang='lat' dir='ltr'><strong>nec</strong></span> <span class='ocrx_word' id='word_1_158' title='bbox 718 1161 754 1206; x_wconf 82' lang='lat'><strong>⁴¹)</strong></span> <span class='ocrx_word' id='word_1_159' title='bbox 789 1154 1037 1206; x_wconf 84' lang='lat' dir='ltr'><strong>praevaricatus</strong></span> <span class='ocrx_word' id='word_1_160' title='bbox 1061 1164 1163 1197; x_wconf 83' lang='lat' dir='ltr'><strong>fueris</strong></span> <span class='ocrx_word' id='word_1_161' title='bbox 1188 1166 1235 1197; x_wconf 81' lang='lat' dir='ltr'><strong>le-</strong></span> 
     </span>
     <span class='ocr_line' id='line_1_19' title="bbox 100 1220 1237 1263; baseline 0.007 -12"><span class='ocrx_word' id='word_1_162' title='bbox 100 1230 174 1260; x_wconf 84' lang='lat' dir='ltr'><strong>gem</strong></span> <span class='ocrx_word' id='word_1_163' title='bbox 198 1220 277 1261; x_wconf 85' lang='lat' dir='ltr'><strong>Dei,</strong></span> <span class='ocrx_word' id='word_1_164' title='bbox 300 1223 359 1255; x_wconf 87' lang='lat' dir='ltr'><strong>sed</strong></span> <span class='ocrx_word' id='word_1_165' title='bbox 382 1232 445 1256; x_wconf 81' lang='lat' dir='ltr'><strong>stes</strong></span> <span class='ocrx_word' id='word_1_166' title='bbox 468 1223 504 1256; x_wconf 90' lang='lat' dir='ltr'><strong>in</strong></span> <span class='ocrx_word' id='word_1_167' title='bbox 525 1224 641 1256; x_wconf 87' lang='lat' dir='ltr'><strong>medio</strong></span> <span class='ocrx_word' id='word_1_168' title='bbox 666 1223 751 1255; x_wconf 83' lang='lat' dir='ltr'><strong>fixus</strong></span> <span class='ocrx_word' id='word_1_169' title='bbox 776 1232 808 1255; x_wconf 90' lang='lat' dir='ltr'><strong>et</strong></span> <span class='ocrx_word' id='word_1_170' title='bbox 831 1222 968 1263; x_wconf 83' lang='lat' dir='ltr'><strong>stabilis,</strong></span> <span class='ocrx_word' id='word_1_171' title='bbox 994 1234 1025 1257; x_wconf 90' lang='lat' dir='ltr'><strong>et</strong></span> <span class='ocrx_word' id='word_1_172' title='bbox 1044 1239 1115 1258; x_wconf 91' lang='lat' dir='ltr'><strong>non</strong></span> <span class='ocrx_word' id='word_1_173' title='bbox 1139 1225 1237 1259; x_wconf 85' lang='lat' dir='ltr'><strong>incli-</strong></span> 
     </span>
     <span class='ocr_line' id='line_1_20' title="bbox 99 1281 1238 1330; baseline 0.006 -16"><span class='ocrx_word' id='word_1_174' title='bbox 99 1281 200 1321; x_wconf 82' lang='lat' dir='ltr'><strong>neris,</strong></span> <span class='ocrx_word' id='word_1_175' title='bbox 224 1295 335 1327; x_wconf 82' lang='lat' dir='ltr'><strong>neque</strong></span> <span class='ocrx_word' id='word_1_176' title='bbox 360 1298 474 1317; x_wconf 87' lang='lat' dir='ltr'><strong>curves</strong></span> <span class='ocrx_word' id='word_1_177' title='bbox 505 1297 612 1326; x_wconf 85' lang='lat' dir='ltr'><strong>genua</strong></span> <span class='ocrx_word' id='word_1_178' title='bbox 647 1294 703 1317; x_wconf 86' lang='lat' dir='ltr'><strong>tua</strong></span> <span class='ocrx_word' id='word_1_179' title='bbox 728 1294 886 1328; x_wconf 79' lang='lat' dir='ltr'><strong>peccam,</strong></span> <span class='ocrx_word' id='word_1_180' title='bbox 927 1298 991 1318; x_wconf 84' lang='lat' dir='ltr'><strong>nec</strong></span> <span class='ocrx_word' id='word_1_181' title='bbox 1015 1288 1156 1330; x_wconf 85' lang='lat' dir='ltr'><strong>pecudis</strong></span> <span class='ocrx_word' id='word_1_182' title='bbox 1182 1302 1238 1322; x_wconf 86' lang='lat' dir='ltr'><strong>ca-</strong></span> 
     </span>
     <span class='ocr_line' id='line_1_21' title="bbox 98 1342 1238 1390; baseline 0.006 -16"><span class='ocrx_word' id='word_1_183' title='bbox 98 1351 172 1386; x_wconf 87' lang='lat' dir='ltr'><strong>put,</strong></span> <span class='ocrx_word' id='word_1_184' title='bbox 196 1342 231 1375; x_wconf 90' lang='lat' dir='ltr'><strong>id</strong></span> <span class='ocrx_word' id='word_1_185' title='bbox 256 1354 312 1383; x_wconf 83' lang='lat' dir='ltr'><strong>est,</strong></span> <span class='ocrx_word' id='word_1_186' title='bbox 335 1345 493 1378; x_wconf 81' lang='lat' dir='ltr'><strong>stultitiae</strong></span> <span class='ocrx_word' id='word_1_187' title='bbox 517 1346 667 1390; x_wconf 86' lang='lat' dir='ltr'><strong>sequaris</strong></span> <span class='ocrx_word' id='word_1_188' title='bbox 688 1346 880 1388; x_wconf 81' lang='lat' dir='ltr'><strong>imaginem,</strong></span> <span class='ocrx_word' id='word_1_189' title='bbox 905 1347 1081 1380; x_wconf 81' lang='lat' dir='ltr'><strong>assumeris</strong></span> <span class='ocrx_word' id='word_1_190' title='bbox 1100 1349 1141 1381; x_wconf 87' lang='lat' dir='ltr'><strong>de</strong></span> <span class='ocrx_word' id='word_1_191' title='bbox 1165 1363 1238 1382; x_wconf 86' lang='lat' dir='ltr'><strong>me-</strong></span> 
     </span>
     <span class='ocr_line' id='line_1_22' title="bbox 101 1404 1236 1452; baseline 0.005 -16"><span class='ocrx_word' id='word_1_192' title='bbox 101 1404 167 1436; x_wconf 85' lang='lat' dir='ltr'><strong>dio·</strong></span> <span class='ocrx_word' id='word_1_193' title='bbox 184 1404 333 1439; x_wconf 85' lang='lat' dir='ltr'><strong>filiorum</strong></span> <span class='ocrx_word' id='word_1_194' title='bbox 359 1407 478 1447; x_wconf 82' lang='lat' dir='ltr'><strong>Israel,</strong></span> <span class='ocrx_word' id='word_1_195' title='bbox 513 1416 545 1440; x_wconf 88' lang='lat' dir='ltr'><strong>et</strong></span> <span class='ocrx_word' id='word_1_196' title='bbox 577 1407 612 1439; x_wconf 85' lang='lat' dir='ltr'><strong>in</strong></span> <span class='ocrx_word' id='word_1_197' title='bbox 638 1407 889 1452; x_wconf 82' lang='lat' dir='ltr'><strong>primitivorum</strong></span> <span class='ocrx_word' id='word_1_198' title='bbox 914 1420 1060 1440; x_wconf 86' lang='lat' dir='ltr'><strong>numero</strong></span> <span class='ocrx_word' id='word_1_199' title='bbox 1086 1411 1236 1443; x_wconf 88' lang='lat' dir='ltr'><strong>colloca-</strong></span> 
     </span>
     <span class='ocr_line' id='line_1_23' title="bbox 66 1466 1237 1514; baseline 0.006 -16"><span class='ocrx_word' id='word_1_200' title='bbox 66 1489 70 1493; x_wconf 70' lang='grc'><em>»</em></span> <span class='ocrx_word' id='word_1_201' title='bbox 99 1466 199 1499; x_wconf 80' lang='lat' dir='ltr'><strong>beris.</strong></span> <span class='ocrx_word' id='word_1_202' title='bbox 246 1466 341 1501; x_wconf 81' lang='lat' dir='ltr'><strong>Haec</strong></span> <span class='ocrx_word' id='word_1_203' title='bbox 363 1482 428 1513; x_wconf 88' lang='lat' dir='ltr'><strong>pro</strong></span> <span class='ocrx_word' id='word_1_204' title='bbox 454 1483 505 1508; x_wconf 85' lang='lat' dir='ltr'><strong>eo,</strong></span> <span class='ocrx_word' id='word_1_205' title='bbox 531 1471 623 1514; x_wconf 88' lang='lat' dir='ltr'><strong>quod</strong></span> <span class='ocrx_word' id='word_1_206' title='bbox 649 1469 813 1513; x_wconf 84' lang='lat' dir='ltr'><strong>scriptum</strong></span> <span class='ocrx_word' id='word_1_207' title='bbox 838 1479 901 1503; x_wconf 83' lang='lat' dir='ltr'><strong>est:</strong></span> <span class='ocrx_word' id='word_1_208' title='bbox 933 1470 1038 1514; x_wconf 80' lang='lat' dir='ltr'><strong>„et⁵)</strong></span> <span class='ocrx_word' id='word_1_209' title='bbox 1071 1484 1237 1505; x_wconf 81' lang='lat' dir='ltr'><strong>assumam</strong></span> 
     </span>
     <span class='ocr_line' id='line_1_24' title="bbox 100 1528 771 1564; baseline 0.007 -5"><span class='ocrx_word' id='word_1_210' title='bbox 100 1528 230 1562; x_wconf 82' lang='lat' dir='ltr'><strong>Levitas</strong></span> <span class='ocrx_word' id='word_1_211' title='bbox 255 1531 297 1562; x_wconf 91' lang='lat' dir='ltr'><strong>de</strong></span> <span class='ocrx_word' id='word_1_212' title='bbox 320 1530 434 1564; x_wconf 87' lang='lat' dir='ltr'><strong>medio</strong></span> <span class='ocrx_word' id='word_1_213' title='bbox 462 1532 612 1564; x_wconf 82' lang='lat' dir='ltr'><strong>filiorum</strong></span> <span class='ocrx_word' id='word_1_214' title='bbox 638 1532 771 1564; x_wconf 82' lang='lat' dir='ltr'><strong>Israel.“</strong></span> 
     </span>
    </p>

    <p class='ocr_par' dir='ltr' id='par_1_3' title="bbox 102 1591 1244 1946">
     <span class='ocr_line' id='line_1_25' title="bbox 190 1591 1238 1638; baseline 0.005 -15"><span class='ocrx_word' id='word_1_215' title='bbox 190 1591 221 1624; x_wconf 84' lang='lat'><strong>3.</strong></span> <span class='ocrx_word' id='word_1_216' title='bbox 245 1591 385 1632; x_wconf 77' lang='lat' dir='ltr'><strong>Verum,</strong></span> <span class='ocrx_word' id='word_1_217' title='bbox 409 1593 435 1626; x_wconf 87' lang='lat' dir='ltr'><strong>si</strong></span> <span class='ocrx_word' id='word_1_218' title='bbox 460 1594 602 1633; x_wconf 86' lang='lat' dir='ltr'><strong>videtur,</strong></span> <span class='ocrx_word' id='word_1_219' title='bbox 627 1606 841 1626; x_wconf 82' lang='lat' dir='ltr'><strong>recurramus</strong></span> <span class='ocrx_word' id='word_1_220' title='bbox 857 1594 968 1627; x_wconf 87' lang='lat' dir='ltr'><strong>adhuc</strong></span> <span class='ocrx_word' id='word_1_221' title='bbox 986 1595 1027 1627; x_wconf 87' lang='lat' dir='ltr'><strong>ad</strong></span> <span class='ocrx_word' id='word_1_222' title='bbox 1044 1594 1154 1638; x_wconf 85' lang='lat' dir='ltr'><strong>ipsum</strong></span> <span class='ocrx_word' id='word_1_223' title='bbox 1181 1609 1238 1628; x_wconf 88' lang='lat' dir='ltr'><strong>or-</strong></span> 
     </span>
     <span class='ocr_line' id='line_1_26' title="bbox 103 1651 1239 1701; baseline 0.004 -17"><span class='ocrx_word' id='word_1_224' title='bbox 103 1651 217 1685; x_wconf 89' lang='lat' dir='ltr'><strong>dinem</strong></span> <span class='ocrx_word' id='word_1_225' title='bbox 241 1653 411 1693; x_wconf 84' lang='lat' dir='ltr'><strong>historiae,</strong></span> <span class='ocrx_word' id='word_1_226' title='bbox 436 1654 494 1699; x_wconf 86' lang='lat' dir='ltr'><strong>qui</strong></span> <span class='ocrx_word' id='word_1_227' title='bbox 517 1656 663 1687; x_wconf 84' lang='lat' dir='ltr'><strong>refertur</strong></span> <span class='ocrx_word' id='word_1_228' title='bbox 685 1655 720 1688; x_wconf 92' lang='lat' dir='ltr'><strong>in</strong></span> <span class='ocrx_word' id='word_1_229' title='bbox 747 1655 915 1696; x_wconf 82' lang='lat' dir='ltr'><strong>Numeris‚</strong></span> <span class='ocrx_word' id='word_1_230' title='bbox 941 1664 972 1688; x_wconf 88' lang='lat' dir='ltr'><strong>et</strong></span> <span class='ocrx_word' id='word_1_231' title='bbox 999 1668 1035 1688; x_wconf 81' lang='lat' dir='ltr'><strong>ex</strong></span> <span class='ocrx_word' id='word_1_232' title='bbox 1060 1655 1135 1699; x_wconf 84' lang='lat' dir='ltr'><strong>ipso</strong></span> <span class='ocrx_word' id='word_1_233' title='bbox 1160 1669 1239 1701; x_wconf 84' lang='lat' dir='ltr'><strong>my-</strong></span> 
     </span>
     <span class='ocr_line' id='line_1_27' title="bbox 102 1714 1241 1761; baseline 0.002 -13"><span class='ocrx_word' id='word_1_234' title='bbox 102 1714 240 1748; x_wconf 86' lang='lat' dir='ltr'><strong>sterium</strong></span> <span class='ocrx_word' id='word_1_235' title='bbox 263 1715 535 1759; x_wconf 80' lang='lat' dir='ltr'><strong>primitivorum‚</strong></span> <span class='ocrx_word' id='word_1_236' title='bbox 568 1716 627 1748; x_wconf 90' lang='lat' dir='ltr'><strong>ubi</strong></span> <span class='ocrx_word' id='word_1_237' title='bbox 659 1716 711 1748; x_wconf 78' lang='lat' dir='ltr'><strong>vel</strong></span> <span class='ocrx_word' id='word_1_238' title='bbox 746 1718 925 1760; x_wconf 88' lang='lat' dir='ltr'><strong>quomodo</strong></span> <span class='ocrx_word' id='word_1_239' title='bbox 958 1717 1084 1761; x_wconf 88' lang='lat' dir='ltr'><strong>requiri</strong></span> <span class='ocrx_word' id='word_1_240' title='bbox 1108 1719 1241 1758; x_wconf 87' lang='lat' dir='ltr'><strong>debeat,</strong></span> 
     </span>
     <span class='ocr_line' id='line_1_28' title="bbox 106 1777 1240 1823; baseline 0.004 -15"><span class='ocrx_word' id='word_1_241' title='bbox 106 1778 387 1820; x_wconf 81' lang='lat' dir='ltr'><strong>contemplemur.</strong></span> <span class='ocrx_word' id='word_1_242' title='bbox 442 1777 547 1820; x_wconf 79' lang='lat' dir='ltr'><strong>Igitur</strong></span> <span class='ocrx_word' id='word_1_243' title='bbox 575 1790 810 1811; x_wconf 83' lang='lat' dir='ltr'><strong>recenseamus</strong></span> <span class='ocrx_word' id='word_1_244' title='bbox 844 1778 1020 1818; x_wconf 81' lang='lat' dir='ltr'><strong>attentius,</strong></span> <span class='ocrx_word' id='word_1_245' title='bbox 1060 1781 1240 1823; x_wconf 86' lang='lat' dir='ltr'><strong>quomodo</strong></span> 
     </span>
     <span class='ocr_line' id='line_1_29' title="bbox 107 1838 1242 1886; baseline 0.004 -16"><span class='ocrx_word' id='word_1_246' title='bbox 107 1838 356 1870; x_wconf 77' lang='lat' dir='ltr'><strong>distribuuntur</strong></span> <span class='ocrx_word' id='word_1_247' title='bbox 381 1839 563 1872; x_wconf 77' lang='lat' dir='ltr'><strong>duodecim</strong></span> <span class='ocrx_word' id='word_1_248' title='bbox 589 1839 694 1873; x_wconf 83' lang='lat' dir='ltr'><strong>tribus</strong></span> <span class='ocrx_word' id='word_1_249' title='bbox 718 1853 780 1885; x_wconf 82' lang='lat' dir='ltr'><strong>per</strong></span> <span class='ocrx_word' id='word_1_250' title='bbox 803 1849 915 1874; x_wconf 85' lang='lat' dir='ltr'><strong>ternas</strong></span> <span class='ocrx_word' id='word_1_251' title='bbox 937 1840 973 1873; x_wconf 87' lang='lat' dir='ltr'><strong>in</strong></span> <span class='ocrx_word' id='word_1_252' title='bbox 994 1850 1141 1884; x_wconf 85' lang='lat' dir='ltr'><strong>quatuor</strong></span> <span class='ocrx_word' id='word_1_253' title='bbox 1164 1855 1242 1886; x_wconf 87' lang='lat' dir='ltr'><strong>par-</strong></span> 
     </span>
     <span class='ocr_line' id='line_1_30' title="bbox 106 1900 1244 1946; baseline 0.004 -14"><span class='ocrx_word' id='word_1_254' title='bbox 106 1908 174 1939; x_wconf 86' lang='lat' dir='ltr'><strong>tes,</strong></span> <span class='ocrx_word' id='word_1_255' title='bbox 214 1909 245 1932; x_wconf 89' lang='lat' dir='ltr'><strong>et</strong></span> <span class='ocrx_word' id='word_1_256' title='bbox 275 1913 337 1944; x_wconf 85' lang='lat' dir='ltr'><strong>per</strong></span> <span class='ocrx_word' id='word_1_257' title='bbox 359 1900 504 1942; x_wconf 83' lang='lat' dir='ltr'><strong>singulas</strong></span> <span class='ocrx_word' id='word_1_258' title='bbox 529 1914 679 1946; x_wconf 85' lang='lat' dir='ltr'><strong>quasque</strong></span> <span class='ocrx_word' id='word_1_259' title='bbox 711 1901 798 1934; x_wconf 82' lang='lat' dir='ltr'><strong>coeli</strong></span> <span class='ocrx_word' id='word_1_260' title='bbox 830 1902 943 1945; x_wconf 85' lang='lat' dir='ltr'><strong>plagas</strong></span> <span class='ocrx_word' id='word_1_261' title='bbox 977 1912 1067 1935; x_wconf 82' lang='lat' dir='ltr'><strong>certa</strong></span> <span class='ocrx_word' id='word_1_262' title='bbox 1099 1903 1244 1936; x_wconf 72' lang='lat' dir='ltr'><strong>statione</strong></span> 
     </span>
    </p>
   </div>
   <div class='ocr_carea' id='block_1_3' title="bbox 109 1959 1244 2008">
    <p class='ocr_par' dir='ltr' id='par_1_4' title="bbox 109 1959 1244 2008">
     <span class='ocr_line' id='line_1_31' title="bbox 109 1959 1244 2008; baseline 0.004 -14"><span class='ocrx_word' id='word_1_263' title='bbox 109 1959 307 1995; x_wconf 75' lang='lat' dir='ltr'><strong>considunt:</strong></span> <span class='ocrx_word' id='word_1_264' title='bbox 342 1971 374 1994; x_wconf 92' lang='lat' dir='ltr'><strong>et</strong></span> <span class='ocrx_word' id='word_1_265' title='bbox 405 1961 615 1996; x_wconf 83' lang='lat' dir='ltr'><strong>inveniemus</strong></span> <span class='ocrx_word' id='word_1_266' title='bbox 638 1963 765 1995; x_wconf 81' lang='lat' dir='ltr'><strong>Judam</strong></span> <span class='ocrx_word' id='word_1_267' title='bbox 792 1963 929 2008; x_wconf 87' lang='lat' dir='ltr'><strong>quidem</strong></span> <span class='ocrx_word' id='word_1_268' title='bbox 955 1965 996 1996; x_wconf 87' lang='lat' dir='ltr'><strong>ab</strong></span> <span class='ocrx_word' id='word_1_269' title='bbox 1023 1964 1154 1998; x_wconf 86' lang='lat' dir='ltr'><strong>oriente</strong></span> <span class='ocrx_word' id='word_1_270' title='bbox 1177 1975 1244 2000; x_wconf 84' lang='lat' dir='ltr'><strong>sta-</strong></span> 
     </span>
    </p>
   </div>
   <div class='ocr_carea' id='block_1_4' title="bbox 201 2102 1026 2203">
    <p class='ocr_par' dir='ltr' id='par_1_5' title="bbox 201 2102 1026 2203">
     <span class='ocr_line' id='line_1_32' title="bbox 202 2102 1026 2147; baseline 0.005 -13"><span class='ocrx_word' id='word_1_271' title='bbox 202 2102 238 2146; x_wconf 76' lang='lat'><strong>¹&gt;</strong></span> <span class='ocrx_word' id='word_1_272' title='bbox 261 2102 322 2135; x_wconf 85' lang='lat' dir='ltr'><strong>Ev.</strong></span> <span class='ocrx_word' id='word_1_273' title='bbox 345 2103 471 2136; x_wconf 85' lang='lat' dir='ltr'><strong>Joann.</strong></span> <span class='ocrx_word' id='word_1_274' title='bbox 496 2103 520 2143; x_wconf 83' lang='lat' dir='ltr'><strong>J,</strong></span> <span class='ocrx_word' id='word_1_275' title='bbox 545 2104 600 2138; x_wconf 81' lang='lat'><strong>26.</strong></span> <span class='ocrx_word' id='word_1_276' title='bbox 694 2102 731 2147; x_wconf 81' lang='lat'><strong>²)</strong></span> <span class='ocrx_word' id='word_1_277' title='bbox 756 2103 771 2135; x_wconf 90' lang='lat' dir='ltr'>I</span> <span class='ocrx_word' id='word_1_278' title='bbox 795 2103 883 2136; x_wconf 86' lang='lat' dir='ltr'><strong>Petr.</strong></span> <span class='ocrx_word' id='word_1_279' title='bbox 906 2102 948 2144; x_wconf 82' lang='lat' dir='ltr'><strong>II,</strong></span> <span class='ocrx_word' id='word_1_280' title='bbox 972 2104 1026 2138; x_wconf 78' lang='lat'><strong>22.</strong></span> 
     </span>
     <span class='ocr_line' id='line_1_33' title="bbox 201 2155 574 2203; baseline 0.003 -12"><span class='ocrx_word' id='word_1_281' title='bbox 201 2155 238 2203; x_wconf 82' lang='lat'><strong>³)</strong></span> <span class='ocrx_word' id='word_1_282' title='bbox 263 2160 345 2193; x_wconf 89' lang='lat' dir='ltr'><strong>Job.</strong></span> <span class='ocrx_word' id='word_1_283' title='bbox 369 2159 462 2198; x_wconf 90' lang='lat' dir='ltr'><strong>XIV,</strong></span> <span class='ocrx_word' id='word_1_284' title='bbox 485 2160 517 2193; x_wconf 91' lang='grc'><strong>4.</strong></span> <span class='ocrx_word' id='word_1_285' title='bbox 541 2160 574 2194; x_wconf 87' lang='lat'><strong>5.</strong></span> 
     </span>
    </p>
   </div>
   <div class='ocr_carea' id='block_1_5' title="bbox 202 2215 1146 2315">
    <p class='ocr_par' dir='ltr' id='par_1_6' title="bbox 202 2215 1146 2315">
     <span class='ocr_line' id='line_1_34' title="bbox 202 2215 1146 2262; baseline 0 -15"><span class='ocrx_word' id='word_1_286' title='bbox 202 2215 240 2260; x_wconf 74' lang='lat'><strong>⁴²)</strong></span> <span class='ocrx_word' id='word_1_287' title='bbox 264 2215 354 2249; x_wconf 84' lang='lat' dir='ltr'><strong>Edd.</strong></span> <span class='ocrx_word' id='word_1_288' title='bbox 378 2215 536 2249; x_wconf 80' lang='lat' dir='ltr'><strong>Merlini:</strong></span> <span class='ocrx_word' id='word_1_289' title='bbox 562 2228 625 2250; x_wconf 88' lang='lat' dir='ltr'><strong>nec</strong></span> <span class='ocrx_word' id='word_1_290' title='bbox 647 2215 928 2262; x_wconf 81' lang='lat' dir='ltr'><strong>praevaricaveris</strong></span> <span class='ocrx_word' id='word_1_291' title='bbox 951 2217 1059 2259; x_wconf 82' lang='lat' dir='ltr'><strong>legem</strong></span> <span class='ocrx_word' id='word_1_292' title='bbox 1085 2225 1146 2248; x_wconf 84' lang='lat' dir='ltr'><strong>etc.</strong></span> 
     </span>
     <span class='ocr_line' id='line_1_35' title="bbox 206 2271 527 2315; baseline 0.003 -11"><span class='ocrx_word' id='word_1_293' title='bbox 206 2271 242 2315; x_wconf 86' lang='lat'><strong>⁵)</strong></span> <span class='ocrx_word' id='word_1_294' title='bbox 266 2272 367 2305; x_wconf 87' lang='lat' dir='ltr'><strong>Num.</strong></span> <span class='ocrx_word' id='word_1_295' title='bbox 391 2271 449 2312; x_wconf 87' lang='lat'><strong>111,</strong></span> <span class='ocrx_word' id='word_1_296' title='bbox 476 2272 527 2307; x_wconf 80' lang='lat'><strong>12.</strong></span> 
     </span>
    </p>
   </div>
  </div>
 </body>
</html>
