1427 2460
340 76 377 100 m
399 67 578 101 Nummos
601 60 761 94 HommA
777 58 890 92 XXII.
1093 35 1096 39 ”
1115 56 1183 91 265

53 161 116 197 tibi
146 160 278 193 videtur
312 155 421 190 simile
460 153 586 197 aliquid
623 163 703 185 suae
742 147 958 182 beatitudinis
996 145 1184 179 clarissimis

54 223 120 258 suis
145 223 299 255 conferre
323 215 513 260 discipulis,
538 226 616 247 cum
641 212 739 246 dicit:
754 211 787 256 ¹)
825 207 993 252 ,‚Pater²)
1017 207 1115 244 volo,
1139 216 1185 244 ut,

17 306 21 328 ,ι
54 285 115 319 ubi
139 296 199 326 ego
222 294 306 320 sum,
331 288 362 312 et
383 277 436 311 isti
460 277 525 310 sint
548 272 734 307 mecum?“
779 272 824 304 Et
848 284 923 303 cum
948 269 1069 302 iterum
1095 267 1187 306 dicit,

57 338 134 392 quia
159 341 383 385 ,‚sedebitis³)
408 348 440 372 et
470 351 530 371 vos
559 349 660 381 super
690 332 872 368 duodecim
903 331 1066 369 thronos,
1095 328 1184 374 judi-

55 417 163 442 cantes
187 402 368 439 duodecim
393 401 501 434 tribus
523 397 676 432 Israel?“
722 395 767 428 Et
788 394 929 427 iterum:
964 391 1070 433 „sicut
1081 390 1117 434 ⁴)
1149 399 1185 422 tu

10 461 13 489 ἶ
54 470 89 503 in
112 481 177 507 me,
200 475 305 510 pater,
329 473 361 497 et
385 475 446 505 ego
470 461 506 494 in
529 470 572 500 te,
595 460 640 493 ita
666 467 698 491 et
714 457 767 491 isti
783 456 817 489 in
833 453 933 489 nobis
948 467 1054 486 unum
1073 451 1137 485 sint
1147 451 1186 485 ?“

53 532 146 564 Haec
186 525 301 561 omnia
338 538 411 558 non
448 532 539 557 sorte
578 521 823 557 decernuntur,
863 517 922 549 sed
942 515 978 560 ⁵)
1015 513 1186 547 electionis

57 713 196 747 eximios
222 722 254 745 et
278 711 419 748 electos,
441 717 541 751 atque
564 706 657 743 illos,
683 703 740 748 qui
764 714 865 747 supra
889 710 1014 734 sortem
1037 708 1131 737 sunt,
1154 698 1187 729 in

13 772 15 780 ,
56 786 183 810 sortem
206 783 319 807 tamen
341 779 536 805 sanctorum
557 766 713 808 dignetur
732 764 918 796 adducere:
944 761 998 794 cui
1018 769 1065 793 est
1083 759 1188 802 gloria

11 829 13 845 ³
59 848 91 871 et
114 836 294 882 imperium
320 834 354 867 in
378 831 509 866 saecula
534 827 759 861 saeculorum.
807 822 934 857 Amen!

518 969 753 979 >pr-W

330 1093 720 1140 HOMILIA
779 1091 918 1131 XXII.

171 1223 225 1256 De
248 1220 381 1254 filiabus
409 1218 591 1263 Salphaat,
616 1225 647 1249 et
670 1215 714 1247 de
737 1211 948 1246 successione
973 1208 1088 1242 Mosis.

150 1325 181 1358 1.
228 1321 391 1366 Quinque
413 1319 505 1352 filiae
528 1319 676 1354 fuerunt,
701 1326 846 1358 quarum
871 1311 970 1344 etiam
993 1308 1134 1342 nomina
1158 1308 1193 1341 in

61 1385 236 1430 Scriptura
261 1381 506 1427 comprehensa
531 1387 617 1417 sunt,
641 1377 683 1409 de
696 1374 859 1419 Salphaat
879 1374 1028 1417 quodam
1045 1371 1193 1404 Israelita

61 1447 269 1493 progenitae,
293 1445 351 1489 qui
375 1451 531 1476 mortuus
556 1447 604 1472 est
626 1438 660 1470 in
687 1438 829 1474 deserto,
852 1434 946 1466 nulla
971 1433 1056 1467 virili
1074 1434 1196 1466 sobole

64 1508 232 1542 derelicta.
284 1506 370 1540 Istae
411 1517 489 1546 ergo
524 1500 614 1534 filiae
637 1497 801 1543 Salphant
822 1496 1038 1541 interpellant
1060 1495 1196 1534 Mosen,

62 1580 95 1604 et
123 1578 248 1603 sortem
279 1578 442 1612 paternae
471 1561 684 1597 haereditatis
717 1567 921 1603 exposcunt,
959 1558 1122 1596 dicentes,
1154 1569 1196 1588 ne

64 1631 215 1665 deleatur
237 1642 366 1662 nomen
390 1626 491 1672 patris
517 1638 631 1658 earum
656 1624 699 1656 de
728 1620 843 1654 medio
866 1619 975 1664 plebis
997 1631 1095 1658 suae,
1120 1617 1196 1662 quia

63 1706 136 1725 non
168 1701 217 1724 est
246 1691 275 1724 ei
306 1690 356 1723 vir
386 1689 475 1722 filius
510 1696 618 1719 natus.
663 1685 781 1716 Refert
799 1695 864 1726 pro
884 1682 950 1713 hoc
977 1680 1090 1712 Moses
1115 1691 1198 1711 con-

62 1752 277 1787 saltationem
302 1752 344 1784 ad
357 1753 481 1785 Deum.
522 1745 775 1791 omnipotentis
800 1753 911 1777 autem
934 1742 1000 1774 Dei
1022 1738 1198 1773 clementia

63 1828 136 1848 non
159 1814 303 1859 spernit,
326 1825 389 1845 nec
413 1809 552 1855 despicit
577 1806 878 1844 consultationem,
902 1817 989 1848 quac
1013 1803 1158 1834 offertur
1182 1815 1199 1833 a

64 1875 202 1920 puellis,
244 1885 275 1908 et
304 1887 376 1909 non
409 1874 518 1907 solum
554 1882 715 1915 responsa
750 1869 831 1900 dare
862 1866 1038 1907 dignatur,
1077 1864 1134 1898 scd
1164 1863 1198 1895 in

159 2079 193 2120 Ι)
218 2078 305 2112 Edd.
330 2079 487 2112 Merlini:
514 2078 610 2110 dicat.
662 2076 699 2116 2)
723 2075 783 2107 Ev.
809 2074 935 2106 Jotmn.
959 2071 1078 2109 XVII,
1101 2071 1155 2104 24.

157 2134 194 2177 3)
219 2135 342 2169 Matth.
365 2135 461 2174 XIX,
484 2134 537 2168 28.
667 2130 704 2175 ¹²)
730 2134 788 2165 Ev.
812 2130 938 2162 Joann.
961 2127 1078 2167 XVII,
1101 2129 1156 2161 21.

159 2190 196 2234 ⁵)
222 2191 300 2224 Mss.
341 2191 425 2230 „sed
457 2188 630 2222 electionis
661 2185 932 2233 praerogativa.“
992 2181 1087 2216 Libri
1124 2182 1203 2215 editi

71 2236 117 2279 (e.
143 2248 171 2269 c.
198 2237 273 2270 cdd.
297 2236 386 2280 M.):
412 2236 500 2276 „scd
525 2235 716 2268 dilectionis
738 2229 1008 2279 praerogativa.“
1032 2229 1073 2261 R.
