1427 2460
185 117 254 154 366
656 112 836 147 Omessms

184 206 334 254 propriis
357 205 487 248 singula
503 217 658 250 quaeque
671 203 959 249 appellationibus
972 201 1206 244 designantur:
1230 202 1324 236 verbi

184 270 302 314 gratia,
328 269 451 314 quibus
477 276 534 301 aut
549 266 746 301 chananaei
769 265 804 298 in
820 265 886 299 suis
910 264 1005 305 locis,
1030 274 1086 298 aut
1096 264 1324 308 Pheresaei¹)

184 330 411 366 nihilominus
434 330 470 363 in
495 328 579 368 suis,
604 327 897 371 Amorrhaeique‚
923 336 980 360 aut
1001 326 1124 367 Evaei,
1147 328 1199 360 vel
1223 326 1322 360 ctiam

184 393 335 427 Hebraei
358 391 591 425 nominarunt.
617 390 666 422 Ita
680 401 758 430 ergo
784 389 972 421 secundum
995 389 1197 423 sententiam
1217 388 1326 430 Pauli,

183 469 252 500 qua
286 457 444 487 umbram
477 462 510 486 et
542 452 712 496 exemplar
745 450 941 484 coelestium
974 451 1054 485 dicit
1081 465 1149 485 esse
1180 461 1324 492 terrena,

186 519 329 551 fortasse
354 525 386 549 et
411 516 446 549 in
472 514 674 548 coelestibus
698 512 893 554 regionibus
917 506 1018 545 erunt
1040 513 1199 546 locorum
1224 512 1326 546 diffe-

185 579 314 612 rentiae
337 591 407 611 non
434 576 605 610 minimae.
652 574 780 608 Videtis
805 574 938 619 quibus,
961 575 1012 607 vel
1038 588 1186 620 quorum
1207 575 1328 619 appel—

184 641 380 679 lationibus,
405 637 648 682 vocabulisque
673 637 868 675 distinctae,
892 646 923 670 et
947 636 1090 669 nomina
1113 649 1186 669 non
1211 637 1323 669 solum

184 704 360 748 plagarum
387 700 490 740 coeli,
521 700 580 733 sed
604 699 703 732 etiam
729 698 885 731 omnium
909 698 1083 732 stellarum
1106 698 1327 742 siderumque

184 766 320 808 signata.
367 762 513 807 ‚,Qui²)
548 761 637 795 enim
671 760 751 794 fecit
787 760 1040 794 multitudinem
1070 761 1256 799 stellarum,
1280 779 1324 784 ——

185 836 223 860 ut
247 825 292 859 ait
311 825 477 871 propheta
505 843 557 863 —,
583 823 742 857 omnibus
766 822 804 856 iis
827 823 969 856 nomina
993 827 1124 856 vocat.“
1170 823 1226 855 De
1249 822 1326 867 qui-

185 890 249 922 bus
274 888 414 933 quidem
436 886 634 920 nominibus
658 885 806 930 plurima
830 884 866 917 in
889 885 1030 925 libellis,
1062 884 1120 929 qui
1150 885 1328 930 appellan-

185 960 243 984 tur
268 949 404 988 Enoch,
426 957 554 982 secreta
580 946 808 986 continentur,
833 956 863 979 et
877 960 1015 979 arcana:
1041 947 1100 980 sed
1117 947 1195 991 quia
1219 946 1328 980 libelli

185 1012 250 1058 ipsi
280 1025 353 1044 non
384 1011 544 1044 videntur
573 1009 666 1053 apud
696 1008 872 1041 Hebraeos
903 1008 938 1041 in
963 1009 1164 1042 auctoritate
1196 1009 1327 1050 haberi,

186 1073 323 1112 interim
347 1085 440 1105 nunc
466 1083 515 1111 ea,
540 1083 628 1115 quae
649 1069 698 1102 ibi
721 1068 955 1111 nominantur,
981 1071 1023 1104 ad
1048 1072 1240 1116 exemplum
1266 1085 1327 1107 vo-

189 1149 266 1170 care
291 1135 509 1172 differamus,
538 1132 597 1166 sed
623 1144 661 1165 ex
685 1131 753 1171 his,
784 1144 872 1177 quae
903 1132 1068 1166 habemus
1101 1133 1137 1166 in
1161 1134 1328 1175 manibus,

188 1199 232 1232 de
255 1197 379 1243 quibus
404 1194 554 1229 dubitari
576 1207 649 1227 non
672 1202 795 1238 potest,
818 1206 933 1227 rerum
956 1207 1207 1239 prosequamur
1227 1197 1327 1230 inda-

187 1262 311 1303 ginem.
359 1255 574 1291 Describitur
597 1268 677 1298 ergo
710 1254 819 1289 verbis
843 1255 910 1289 Dei
933 1254 967 1289 in
992 1257 1064 1298 lege
1095 1256 1206 1295 divina
1237 1267 1327 1292 terra

186 1323 351 1361 Judaeae,
377 1329 410 1353 et
431 1319 516 1352 haec
540 1317 660 1352 referri
683 1318 810 1350 deber‘e
834 1317 958 1358 dicitur
983 1320 1027 1352 ad
1050 1318 1231 1361 imaginem
1248 1333 1329 1353 eoe-

187 1383 331 1418 lestium.
379 1382 421 1415 In
446 1380 549 1415 coelis
582 1389 696 1413 autem
731 1380 904 1413 evidenter
932 1394 1002 1414 esse
1024 1381 1216 1414 Jerusalem
1249 1381 1328 1415 civi-

187 1455 235 1479 tas
259 1443 503 1490 pronuntiatur
526 1444 569 1476 ab
595 1442 778 1487 Apostolo‚
803 1451 833 1474 et
856 1455 956 1475 mons
982 1442 1078 1475 Sion.
1105 1441 1327 1488 Consequens

185 1507 289 1549 igitur
312 1516 371 1548 est,
394 1515 442 1547 ut,
465 1507 550 1540 sicut
571 1513 650 1538 sunt
674 1504 774 1537 etiam
799 1504 884 1537 aliae
908 1503 1055 1537 civitates
1079 1503 1167 1537 circa
1191 1507 1328 1538 Jerusa-

185 1571 254 1603 lem
277 1566 448 1602 terrenam
474 1567 566 1607 sitae,
592 1575 626 1600 et
648 1565 722 1605 vici,
747 1574 779 1598 et
802 1565 952 1599 diversae
976 1579 1132 1610 quaeque
1155 1566 1327 1608 regiones:

187 1631 233 1664 ita
259 1639 291 1664 et
314 1628 374 1664 illa
399 1628 552 1663 coelestis
576 1629 767 1662 Jerusalem
791 1628 980 1661 secundum
1015 1627 1195 1670 imaginem
1219 1638 1328 1662 terre·

187 1706 315 1727 norum
348 1693 473 1726 habeat
496 1691 583 1724 circa
607 1703 642 1723 se
667 1698 699 1722 et
724 1688 804 1722 alias
835 1689 998 1731 civitates,
1024 1702 1062 1722 ac
1086 1689 1193 1729 vicos,
1218 1691 1329 1724 diver-

187 1767 308 1800 sasque
339 1753 509 1796 regiones,
540 1752 576 1786 in
601 1752 724 1797 quibus
752 1752 902 1796 populus
934 1750 1000 1784 Dei
1029 1760 1061 1785 et
1090 1765 1186 1785 verus
1216 1752 1328 1794 Israel,

188 1830 252 1862 per
266 1813 384 1849 Jesum
407 1829 538 1855 verum,
563 1813 659 1861 cujus
682 1813 740 1846 ille
757 1813 855 1846 Jesus
867 1813 960 1847 Nave
984 1814 1114 1847 ferebat
1136 1814 1327 1856 imaginem,

192 1879 415 1912 collocandus
441 1886 488 1911 est
512 1878 731 1922 quandoque,
755 1884 789 1908 et
813 1875 1053 1909 haereditatem
1086 1875 1184 1910 sortis
1215 1876 1327 1910 distri-

189 1940 352 1980 butione,
394 1940 428 1973 id
473 1947 538 1979 est,
586 1939 791 1972 meritorum
844 1937 1153 1982 contemplatione,
1209 1948 1328 1983 captu-

189 2016 258 2036 rus.
339 2002 395 2036 Sic
415 1994 421 2020 ¹
449 2014 528 2043 ergo
583 2013 677 2033 nunc
722 1997 896 2033 Dominus
952 1999 1034 2032 dicit
1078 1999 1115 2033 in
1164 1999 1325 2034 distribu-

188 2064 284 2097 tione
322 2073 450 2104 terrae,
490 2062 585 2095 verbi
625 2061 748 2104 gratia,
794 2060 959 2094 terminos
988 2060 1096 2095 tribus
1131 2062 1221 2095 illius
1259 2075 1329 2095 esse

190 2124 287 2164 istos,
311 2134 343 2157 et
366 2123 502 2157 alterius
534 2123 636 2158 alios:
668 2136 711 2156 ne
736 2123 842 2162 forte,
875 2122 1039 2166 quoniam
1071 2121 1198 2157 diversa
1230 2133 1329 2157 erunt

288 2236 322 2279 ¹)
349 2235 440 2272 Edd,
469 2235 626 2269 Merlini:
652 2233 836 2268 Pherezaei
855 2253 909 2274 —·,
935 2234 1162 2279 Amorreique
1186 2244 1248 2268 etc.

286 2293 323 2335 ²)
349 2292 421 2325 Csr.
446 2291 570 2325 Psalm.
597 2291 765 2331 CXLVII,
790 2291 821 2324 4.

1393 488 1407 573 *ka-ts
1387 198 1407 483 Mamm:
1400 183 1402 187 .
1396 146 1400 149 ι
1389 99 1394 102 “

1386 582 1408 737 ν-ιὲῌ
