1427 2460
345 68 382 93 m
408 58 588 92 Nemenos
611 57 772 91 HomuA
792 58 869 92 XX.
1114 63 1182 95 255

0 169 2 173 ν
54 148 160 189 „exite
180 149 213 191 ¹)
244 149 287 182 ad
316 147 402 186 vias,
433 156 466 180 et
490 147 701 192 angiportus,
730 156 762 180 et
790 160 1014 193 quoscunque
1044 151 1183 184 invene—

53 210 142 251 ritis,
175 211 281 252 cogite
309 208 484 242 introire.“
530 208 587 242 Sic
618 222 696 251 crgo
727 221 801 242 non
826 211 939 243 solum
960 210 1143 245 invitamur
1165 225 1183 244 a

54 272 151 312 Deo,
173 274 232 306 sed
256 280 289 305 et
309 270 496 311 trahimur,
527 280 559 304 et
583 272 738 312 cogimur
764 273 806 305 ad
829 272 983 305 salutem.
1029 273 1097 306 Sed
1121 286 1183 306 nee

54 342 185 367 sanctus
214 331 351 377 quidem
381 333 518 377 spiritus
548 333 583 366 in
615 331 853 377 hujuscemodi
877 325 1192 378 dispensationibus*

9 429 12 434 ,
54 396 153 428 deest.
197 395 273 439 Ipse
312 395 401 428 enim
442 395 537 427 dicit:
575 404 774 436 „segregate
789 394 825 438 ²)
859 395 944 427 mihi
974 395 1121 428 Paulum
1152 406 1185 429 et

51 456 242 491 Barnaham
273 455 308 489 in
340 456 578 496 ministerium,
617 458 660 490 ad
692 458 785 501 quod
817 456 965 490 adsumsi
998 462 1087 491 eos.“
1139 458 1184 491 Et

50 519 171 551 iterum
196 518 355 563 prohibet
378 518 524 551 Paulum
547 518 596 551 ire
618 517 653 550 in
668 518 798 557 Asiam,
824 528 855 551 et
878 531 1013 551 rursum
1039 519 1127 561 cogit
1145 519 1182 563 ³)

49 591 127 612 eum
159 579 207 612 ire
236 579 272 612 in
295 580 565 627 Jcrosolymam,
594 580 793 624 praedicens
817 579 862 620 ei,
892 579 972 624 quia
995 580 1128 614 vincula
1152 592 1184 615 et

47 649 197 674 carceres
228 654 305 674 eum
335 641 384 674 ibi
412 650 582 675 maneant.
630 641 738 684 Quod
767 641 794 674 si
818 640 927 683 angeli
952 642 1095 675 Domini
1120 643 1183 676 cir—

48 703 210 735 cumdant
239 703 276 736 in
307 699 664 736 circuitutimentium
689 716 785 742 eum,
815 711 854 735 ut
878 701 1022 747 eripiant
1047 717 1124 738 eos:
1155 706 1181 739 si

47 762 142 797 Deus
168 764 276 804 Pater,
298 765 324 797 si
339 763 465 803 Filius,
489 765 515 797 si
537 763 674 808 spiritus
697 772 846 804 sanctus,
867 777 941 797 non
963 769 1075 798 sotum
1098 767 1182 803 lior-

47 833 162 858 tantur
191 835 224 858 et
254 835 461 870 provocant,
492 826 551 858 sed
583 835 614 858 et
643 825 863 870 pertrahunt,
897 828 1076 870 quomodo
1108 841 1179 861 non

45 888 155 920 multo
189 886 301 933 major
331 899 412 920 cura
442 899 506 931 pro
538 888 638 920 nobis
671 885 797 930 geritur
821 887 864 920 ad
887 888 1047 928 salutem,
1079 903 1179 934 quam

45 949 88 981 ab
113 949 308 983 adversariis
332 958 536 993 procuretur
558 950 602 982 ad
625 947 797 982 mortem?
842 949 937 982 Haec
962 960 1073 984 autem
1091 953 1179 985 dicta

43 1008 110 1043 sint
131 1023 196 1055 pro
221 1024 284 1052 eo,
309 1012 403 1057 quod
429 1019 643 1044 consecratus
667 1020 715 1043 est
737 1012 886 1055 populus
910 1012 1133 1056 Beelphegor.

134 1073 167 1106 4.
190 1072 262 1112 „Et
279 1071 316 1116 4)
345 1072 450 1106 iratus
480 1081 546 1111 est,
569 1072 697 1116 inquit,
721 1073 838 1104 furore
861 1071 1034 1106 Dominus
1059 1085 1176 1108 contra

46 1132 163 1172 Israel,
199 1142 231 1166 et
269 1133 350 1167 dixit
378 1133 551 1166 Dominus
586 1135 630 1166 ad
661 1134 802 1167 Mosen:
846 1146 977 1167 assume
1008 1135 1177 1181 principes

45 1194 186 1239 populi,
210 1203 242 1227 et
265 1203 395 1228 ostenta
418 1195 494 1228 illos
516 1195 671 1228 Domino
697 1203 814 1227 contra
838 1195 963 1235 solem,
995 1206 1025 1229 et
1050 1207 1177 1231 averte-

44 1263 102 1288 tur
129 1256 179 1288 ira
210 1256 335 1290 suroris
358 1257 501 1289 Domini
533 1258 576 1289 ab
607 1256 742 1291 Israel.“
781 1255 925 1295 Nescio,
955 1256 982 1290 si
1007 1258 1050 1289 de
1073 1258 1124 1290 his
1143 1260 1179 1301 5)

45 1316 258 1357 disserentes,
287 1330 360 1350 non
393 1319 608 1351 offendamus
639 1318 789 1363 aliquos:
824 1317 882 1349 sed
916 1326 948 1350 et
970 1317 997 1351 si
1022 1320 1178 1352 offenda-

0 1371 1 1387 *
41 1390 135 1418 mus,
165 1378 306 1411 ohedhe
343 1379 447 1422 magis
479 1389 511 1412 et
540 1380 706 1413 deservire
737 1387 874 1423 oportet
897 1379 1001 1411 verbo
1027 1379 1180 1420 Domini,

44 1451 147 1484 quam
176 1440 300 1482 gratiae
328 1441 519 1474 hominum.
564 1441 722 1474 Peccavit
743 1440 863 1479 lsrael,
894 1448 926 1472 et
948 1440 1030 1473 dixit
1055 1441 1177 1476 Domi-

42 1514 105 1535 nus
129 1502 172 1534 ad
195 1502 338 1543 Mosen,
369 1512 406 1536 ut
435 1512 581 1536 assumat
612 1515 731 1536 omnes
761 1501 950 1546 principes,
981 1512 1012 1535 et
1035 1512 1177 1536 ostentet

44 1575 102 1596 eos
125 1563 281 1597 Domino
305 1573 424 1597 contra
447 1565 565 1598 solem.
612 1564 768 1608 Populus
792 1572 926 1607 peccat,
951 1573 983 1596 et
1004 1565 1176 1610 principes

45 1633 257 1658 ostentantur
287 1635 404 1658 contra
436 1627 553 1659 solem.
600 1625 708 1658 Iidem
741 1625 785 1658 ad
809 1624 1071 1658 examinandum
1093 1640 1177 1670 pro-

45 1687 233 1727 ducuntur,
262 1696 301 1720 ut
323 1696 507 1730 arguantur
529 1700 548 1720 a
571 1687 657 1720 luce.
703 1686 823 1725 Vides,
848 1699 934 1730 quae
957 1687 998 1720 sit
1021 1688 1174 1721 conditio

44 1747 238 1792 principum
265 1748 405 1793 populi:
433 1762 506 1782 non
535 1750 647 1783 solum
677 1761 742 1792 pro
765 1747 832 1780 suis
855 1748 1003 1793 propriis
1027 1762 1174 1791 arguun—

19 1807 25 1817 ¹
44 1817 100 1841 tur
124 1808 270 1849 delictis,
300 1810 359 1842 sed
383 1819 415 1843 et
437 1822 503 1855 pro
525 1810 648 1855 populi
670 1809 816 1854 peccatis
842 1819 1008 1851 coguntur
1031 1811 1175 1843 reddere

42 1869 230 1910 rationem,
261 1883 306 1904 ne
335 1871 485 1916 ipsorum
515 1873 557 1905 sit
581 1873 698 1916 culpa,
729 1871 824 1916 quod
847 1872 997 1915 populus
1021 1871 1175 1917 deliquit,

43 1944 88 1964 ne
105 1931 142 1976 ⁶)
171 1933 260 1965 forte
281 1946 354 1966 non
379 1933 577 1973 docuerint,
608 1946 652 1966 ne
674 1935 763 1966 forte
785 1946 858 1966 non
881 1933 1090 1972 monuerint,
1112 1945 1172 1966 ne—

139 2026 174 2070 ¹)
198 2026 317 2060 Matth.
340 2028 452 2068 XXII,
474 2029 505 2063 9.
599 2027 636 2072 ²)
661 2029 734 2061 Act.
757 2027 852 2067 XIII,
875 2029 907 2061 2.

133 2081 171 2126 ³)
197 2082 268 2118 Cfr.
292 2084 364 2117 Act.
389 2083 484 2123 XXI,
507 2084 561 2119 13.
656 2082 693 2128 4)
719 2083 819 2117 Num.
842 2083 956 2123 XXV,
977 2084 1010 2119 3.
1034 2083 1066 2117 4.

135 2138 172 2181 ⁵)
195 2138 286 2173 Edd.
310 2140 466 2173 Merlini:
489 2139 538 2174 iis.

41 2235 72 2269 R
134 2192 172 2237 ⁶)
196 2194 330 2229 Desunt
353 2197 474 2229 verba:
504 2209 570 2238 „ne
601 2197 691 2230 forte
719 2209 792 2230 non
816 2194 1028 2236 docuerint,“
1057 2196 1092 2228 in
1118 2195 1170 2227 ed.

73 2250 156 2272 nael.
