1427 2460
174 101 198 126 x
608 100 885 125 PROLEGOMENA.
1274 108 1319 132 Α

174 185 231 216 ter
254 180 346 215 haec
376 182 604 225 argumenta,
645 190 737 224 quae
770 179 912 214 abunde
943 179 1141 224 sufficiunt,
1177 184 1217 216 ut
1239 181 1308 216 hae

174 242 351 277 homiliae
375 240 526 286 Origeni
548 244 676 276 nostro
701 241 966 286 adjudicentur,
990 244 1093 277 certo
1118 241 1311 278 adfirmare

174 313 371 349 possumus
409 302 547 337 nullum
582 302 758 337 hactenus
796 305 983 348 repertum
1019 313 1102 337 esse
1134 302 1311 337 Codicem

174 363 478 409 manuscriptum,
515 363 578 408 qui
611 373 686 397 non
719 374 780 398 eas
810 362 867 397 illi
897 363 1045 398 tribuat.
1103 363 1183 398 Huc
1208 364 1312 408 adde,

176 425 275 470 quod
295 425 410 459 Jonas
424 423 696 461 Aurelianensis
720 425 929 471 episcopus,
954 424 1016 469 qui
1039 423 1187 460 saeculo
1211 435 1310 459 nono

174 487 340 530 florebat,
363 486 426 521 lib.
443 487 467 521 Ι.
494 487 539 521 de
562 485 793 521 Institutione
815 484 939 521 laicali
964 485 1086 532 capite
1097 486 1157 521 XI.
1176 487 1312 533 duplex

175 548 283 585 affert
306 547 548 593 fragmentum
573 557 619 582 ex
642 547 795 581 homilia
819 545 971 581 decima.
1032 546 1151 582 Unum
1176 552 1233 583 est
1257 552 1311 583 ta-

173 619 274 653 men,
299 609 398 654 quod
418 618 569 643 movere
593 609 799 655 quempiam
823 607 960 654 possit,
983 618 1030 642 ne
1054 619 1116 643 eas
1142 609 1312 655 Origenis

174 681 256 706 esse
278 674 393 716 putet,
418 680 550 717 nempe
574 671 674 715 quod
696 670 809 705 habet
821 670 1071 715 Hieronymus
1095 670 1255 716 epistola
1266 673 1312 714 3.‚

174 731 267 766 alias
292 732 367 767 126.
393 731 439 765 ad
460 730 697 777 Evangelium
719 733 997 779 presbyterum:
1021 731 1082 774 „in
1105 731 1237 777 fronte,
1259 733 1314 768 in-

174 793 270 838 quit,
311 793 499 828 Geneseos
530 793 687 838 primam
719 794 954 829 homiliarum
987 793 1158 839 Origenis
1189 795 1314 841 reperi

173 854 351 900 scriptam
376 855 420 888 de
444 854 737 899 Melchisedech,
768 856 805 890 in
830 867 900 901 qua
923 854 1119 902 multiplici
1142 865 1314 891 sermone

173 915 373 962 disputans,
396 915 485 950 ffluc
503 916 695 951 devolutus
722 921 788 961 est,
813 922 853 953 ut
877 928 960 952 eum
977 916 1144 962 angelum
1160 917 1312 959 diceret,

173 976 305 1012 iisdem
341 978 578 1023 argumentis,
617 978 747 1024 quibus
784 979 945 1025 scriptor
981 983 1064 1013 tuus
1096 980 1141 1014 de
1174 979 1314 1026 Spiritu

173 1042 314 1082 sancto,
337 1038 401 1073 ille
427 1039 471 1073 de
495 1040 664 1086 supernis
682 1039 879 1076 virtutibus
898 1044 953 1075 est
975 1039 1185 1086 loquutus.“
1213 1040 1315 1076 Nihil
1349 1040 1356 1047 '

173 1099 319 1144 quidem
336 1100 518 1145 ejusmodi
540 1101 725 1147 reperitur
748 1101 786 1135 in
803 1103 924 1148 prima
947 1102 1195 1146 homiliarum,
1220 1113 1314 1148 quae

172 1165 388 1206 supersunt,
424 1162 499 1197 imo
532 1173 600 1197 nec
626 1163 662 1197 in
687 1163 832 1197 ceteris.
889 1166 937 1198 At
958 1175 1048 1198 vero
1072 1164 1198 1198 variae
1223 1164 1314 1198 olim

172 1221 320 1256 suerunt
344 1222 579 1259 homiliarum
602 1225 640 1258 in
662 1224 821 1258 Genesin
846 1224 1100 1269 collectiones,
1123 1225 1178 1260 uti
1198 1225 1314 1270 liquet

173 1293 221 1318 ex
246 1283 488 1328 Cassiodoro‚
513 1285 575 1330 qui
600 1286 644 1320 de
667 1285 783 1320 Instit.
807 1285 926 1321 Divin.
949 1287 1044 1321 liter.
1070 1297 1150 1332 cap.
1175 1288 1205 1322 1.
1229 1297 1312 1322 sex-

172 1344 292 1379 decim
314 1349 455 1380 tantum
475 1345 645 1390 Origenis
670 1346 842 1381 homilias
868 1351 1064 1382 enumerat.
1112 1347 1216 1382 Unde
1238 1359 1313 1383 non

172 1405 331 1440 absurde
353 1407 572 1453 responderi
593 1411 737 1453 potest,
763 1418 843 1443 eam
866 1408 903 1443 in
929 1409 1088 1443 Genesin
1110 1408 1312 1455 homiliam,

174 1477 268 1511 quae
290 1467 328 1502 in
353 1468 575 1504 collectione
600 1469 887 1515 Hieronymiana
909 1470 1030 1517 prima
1055 1474 1150 1515 erat,
1175 1471 1221 1506 ad
1241 1482 1311 1507 nos

172 1538 245 1564 non
268 1531 490 1576 pervenisse.

260 1591 302 1626 V.
348 1593 406 1627 De
427 1598 608 1640 tempore,
632 1604 704 1640 quo
721 1594 834 1630 hasce
857 1595 1028 1630 homilias
1052 1597 1311 1642 pronuntiave-

169 1651 219 1687 rit
243 1653 440 1700 Origenes,
464 1654 503 1689 id
525 1666 634 1690 unum
658 1660 819 1700 constat,
850 1667 914 1692 eas
938 1666 1032 1691 anno
1059 1657 1309 1692 ducentesimo

170 1715 451 1761 quadragesimo
468 1716 593 1761 quinto
615 1728 697 1753 esse
715 1718 956 1765 posteriores.
990 1717 1312 1765 Extemporaneae

169 1775 266 1810 enim
290 1781 390 1820 sunt,
427 1782 465 1813 et
483 1767 535 1814 'ex
562 1779 709 1815 illarum
738 1791 911 1823 numer0,
946 1790 1040 1824 quae
1064 1781 1110 1815 ab
1135 1781 1310 1816 actuariis

166 1835 206 1870 in
228 1837 356 1873 literas
379 1840 519 1875 relatae
550 1845 642 1876 sunt.
696 1842 807 1888 Atqui
829 1841 1036 1886 „Origenes
1055 1842 1134 1886 jam
1157 1852 1310 1888 sexage-

168 1897 273 1931 nario
297 1900 419 1945 maj0r
511 1902 728 1946 conciones,
754 1914 843 1948 quas
867 1903 1030 1938 habebat
1052 1904 1099 1938 ad
1119 1903 1307 1949 populum,

169 1968 193 1992 a
207 1959 363 1994 notariis
381 1961 505 2007 excipi
529 1964 709 2008 permisit,
734 1976 817 1999 cum
840 1965 879 1999 id
895 1968 1005 1999 antea
1025 1963 1104 1998 fieri
1125 1955 1307 2009 nunquam

168 2019 452 2064 concessisset‚“
475 2022 594 2067 inquit
615 2023 796 2061 Eusebius
820 2025 1008 2061 Historiae
1021 2023 1308 2062 Ecclesiasticae

168 2077 230 2114 lib.
256 2080 313 2115 VI.
337 2092 416 2128 cap.
441 2085 496 2119 36.

256 2141 314 2176 VI.
359 2143 483 2179 Editio
515 2145 664 2181 Merlini
692 2148 918 2195 Hieronymo
952 2148 1140 2184 tribuebat
1178 2159 1304 2184 earum

166 2201 508 2250 interpretationem
531 2207 700 2252 latinam;
735 2210 830 2246 hanc
853 2210 983 2246 Rufino
1008 2209 1138 2246 deberi
1162 2209 1304 2245 erudite

164 2264 301 2308 probat
347 2267 573 2306 clarissimus
615 2271 769 2309 Huetius
805 2271 1113 2320 origenianorum
1154 2271 1218 2308 lib.
1247 2271 1302 2308 111.
