1427 2460
362 64 398 87 m
423 54 601 86 Nummos
625 52 784 86 HormuA
807 52 900 84 XIII.
1136 53 1201 87 145

68 143 180 178 David
204 143 300 177 dicit:
330 142 550 190 ‚,aperiam¹)
579 142 613 176 in
646 142 819 187 parabolis
844 155 880 175 os
909 153 1043 180 meum,
1075 140 1201 185 loquar

66 205 317 251 propositiones
338 206 380 237 ab
404 204 501 237 initio
526 205 682 237 saeculi.“
735 204 803 237 Sed
830 212 860 236 et
884 202 1014 242 Esaias,
1039 201 1198 247 quia'ae-

65 266 210 309 nigmata
235 267 315 306 sint,
348 278 434 310 quae
463 265 610 310 scripsit,
649 266 717 298 hoc
751 266 857 298 modo
893 265 1055 298 declarat:
1092 263 1196 306 ‚,et²)

68 318 183 368 erunt,
206 327 333 372 inquit,
368 327 469 360 verba
493 326 571 360 libri
596 325 695 372 hujus
729 326 815 359 sicut
837 327 938 359 verba
962 325 1041 359 libri
1064 325 1199 368 signati}

66 402 167 434 quem
190 389 217 422 si
240 389 397 422 dederint
418 389 452 422 in
482 402 603 422 manus
627 388 773 420 hominis
801 387 976 421 nescientis
1001 386 1131 428 literas,
1167 395 1199 420 et

65 449 207 484 dixerint
231 449 277 483 ei:
308 451 397 493 lege:
429 449 534 483 dicet:
571 463 644 483 non
667 449 746 482 novi
771 448 890 482 literas.
938 448 974 482 Si
999 458 1109 482 autem
1137 449 1195 481 de-

63 511 175 545 derint
197 511 314 545 scienti
337 511 465 551 literas,
498 511 602 544 dicet:
633 524 704 544 non
729 523 866 554 possum
891 511 1018 552 legere,
1048 510 1196 552 signatus

63 581 111 606 est
135 572 257 606 enim.“
311 573 467 616 Signatus
500 581 612 605 autem
646 570 768 604 dicitur
798 571 885 604 liber
913 585 977 616 pro
1004 585 1062 611 eo,
1099 572 1193 617 quod

62 633 175 676 figuris
199 634 377 679 perplexus
402 643 465 673 est,
498 643 529 666 et
560 632 803 675 aenigmatibus
827 632 1006 666 involutus.
1064 632 1196 666 Dicunt

61 706 140 736 ergo
165 695 219 728 isti
243 695 505 738 aenigmatistae:
528 694 705 737 „venite³)
735 694 771 727 in
795 693 953 733 Esebon,
976 703 1013 727 ut
1037 694 1194 727 aedifice-

59 760 148 789 tur.“
195 755 326 790 Cecidit
348 757 405 790 illa
430 757 538 801 prima
562 756 708 795 Esebon,
732 754 802 788 imo
827 756 985 789 subversa
1011 765 1058 789 est
1084 765 1117 789 et
1140 755 1192 789 in-

61 830 172 859 censa,
195 818 444 852 reaedificanda
468 826 516 851 est
540 817 614 851 alia.
662 817 731 850 Sed
755 818 934 861 quomodo
958 817 1025 851 hoc
1049 817 1117 858 fiat,
1141 830 1193 851 as-

58 888 169 912 sumto
196 880 413 913 ostendamus
437 879 601 924 exemplo.
649 878 687 912 Si
710 878 822 911 videas
846 878 1004 921 gentilem
1027 879 1062 912 in
1088 880 1191 912 dede-

45 943 140 973 'core
162 939 247 974 vitae
270 942 438 986 positum,
471 954 508 974 ac
532 940 702 981 refigionis
735 953 869 985 errore,
896 953 969 973 non
993 940 1126 974 dubites
1150 941 1192 974 de

60 1014 101 1034 eo
133 1001 263 1043 dicere,
301 1003 395 1047 quod
425 1003 466 1036 sit
507 1002 561 1036 hic
592 1002 732 1035 Esebon
764 1001 874 1035 civitas
905 1001 940 1035 in
972 1015 1076 1045 regno
1107 1002 1191 1045 regis

57 1062 161 1097 Seon.
208 1064 339 1106 Regnat
363 1064 452 1097 enim
479 1063 514 1097 in
539 1063 801 1106 cogitationibus
827 1062 896 1108 ejus
921 1076 975 1096 rex
999 1063 1192 1096 infructuo-

58 1137 113 1156 sus
137 1133 170 1156 et
194 1124 327 1161 elatus„
363 1126 417 1158 Ad
443 1125 534 1157 hunc
559 1124 586 1158 si
610 1125 746 1158 accedat
770 1125 887 1165 Israel,
913 1124 978 1157 hoc
1003 1132 1060 1164 est,
1084 1125 1191 1157 eccle-

56 1184 125 1218 siae
149 1184 248 1227 filius,
274 1195 305 1218 et
327 1185 487 1219 adhibeat
510 1185 619 1230 jacula
642 1185 828 1226 verbiDei,
854 1195 885 1218 et
908 1184 1082 1227 distringat
1106 1199 1191 1220 con-

57 1255 107 1278 tra
132 1259 210 1279 eum
235 1246 386 1288 gladium
410 1246 556 1291 spiritus,
581 1248 731 1280 destruat
753 1247 789 1280 in
814 1260 855 1280 eo
868 1246 904 1291 ⁴)
935 1259 1053 1280 omnes
1075 1247 1192 1281 muni-

55 1305 163 1339 tiones
194 1306 366 1348 gentilium
399 1308 610 1349 dogmatum,
647 1317 680 1341 et
711 1308 872 1342 elationes
911 1317 1189 1349 argumentorum

57 1365 126 1412 ejus
151 1365 228 1409 igne
253 1368 398 1401 veritatis
428 1377 564 1408 exurat,
598 1369 700 1402 dicito
732 1370 774 1403 de
807 1370 891 1410 hoc,
931 1370 1010 1414 quia
1031 1370 1190 1403 subversa

56 1437 104 1461 est
126 1427 264 1461 Esebon
289 1428 402 1463 civitas
426 1429 528 1463 Seon.
583 1430 652 1464 Sed
681 1443 755 1464 non
785 1431 950 1464 continuo
983 1432 1133 1466 desertus
1158 1441 1190 1465 et

56 1489 232 1524 destitutus
255 1491 460 1536 relinquitur
480 1491 558 1532 iste,
581 1491 617 1525 in
641 1504 710 1537 quo
733 1492 890 1526 subversa
913 1501 991 1526 sunt
1013 1492 1187 1535 gentilium

54 1551 222 1593 dogmata.
267 1551 349 1585 Non
373 1552 464 1585 enim
490 1552 667 1598 disciplina
692 1562 740 1586 est
761 1552 838 1587 filiis
860 1553 980 1595 lsrael,
1005 1555 1189 1589 destructas

54 1612 265 1658 relinquere,
298 1627 380 1659 quas
404 1614 627 1648 destruxerint
651 1615 814 1649 civitates:
846 1616 905 1648 sed
936 1629 1013 1649 cum
1044 1617 1187 1650 subrue-

53 1673 133 1714 rint,
156 1683 189 1708 et
212 1675 390 1709 everterint
412 1676 448 1709 in
467 1676 608 1710 homine
631 1678 738 1710 malas
762 1676 991 1720 cogitationes,
1017 1687 1048 1710 et
1064 1678 1188 1723 impios

54 1733 189 1776 s'ensus,
211 1737 478 1771 reaedificabunt
491 1738 529 1782 ⁵)
551 1751 666 1772 rursus
689 1739 724 1772 in
749 1739 855 1772 corde
878 1736 966 1784 ejus,
999 1752 1101 1784 quem
1126 1741 1187 1773 de-

52 1797 242 1838 struxerint,
265 1799 374 1832 bonas
397 1799 627 1841 cogitationes,
650 1799 726 1846 pios
742 1812 867 1840 sensus,
890 1800 1082 1833 doctrinam
1099 1801 1187 1835 veri·

52 1858 127 1893 tatis
155 1859 315 1901 inserent,
338 1859 509 1902 religionis
538 1862 641 1895 ritum
672 1861 823 1901 tradent,
861 1860 1018 1894 ordinem
1055 1862 1188 1896 vivendi

53 1921 239 1961 docebunt,
262 1921 475 1955 honestatem
498 1934 653 1962 morum,
690 1920 921 1955 observantiae
942 1931 1061 1955 statuta
1085 1936 1187 1956 mon-

52 1982 215 2015 strabunt.
269 1982 315 2016 Et
345 1992 427 2017 tunc
459 1995 536 2017 vere
568 1984 680 2016 dicent
711 1982 763 2016 isti
795 1982 1043 2024 aenigmatistae
1067 1985 1110 2017 ad
1134 1997 1186 2018 se-

147 2128 181 2172 ¹)
206 2127 329 2162 Psalm.
352 2128 543 2170 LXXVIII,
565 2132 600 2166 2.
694 2129 732 2174 ²)
755 2128 858 2164 Jesai.
878 2127 1010 2169 XXIX,
1031 2129 1085 2164 11.
1109 2129 1162 2163 12.

142 2183 179 2227 ³)
203 2185 307 2219 Num.
332 2184 429 2225 XXI,
451 2186 506 2220 27.
600 2185 636 2230 ⁴)
660 2185 751 2220 Edd.
774 2183 935 2219 Merlini:
961 2196 1051 2220 eum.

143 2239 179 2283 ⁵)
204 2239 293 2273 Edd.
318 2240 474 2273 Mer-lini:
499 2240 728 2275 reaedificant.

53 2297 230 2333 Omoems
256 2300 393 2335 OPERA.
419 2300 517 2335 Tom.
541 2302 585 2335 X.
878 2302 923 2335 10
