1427 2460
381 35 418 64 m
443 30 620 64 Nummos
645 29 806 63 Humum
827 28 920 63 XVI.
1166 32 1230 67 197

94 134 166 154 non
191 120 334 165 expedit.
390 118 500 152 Jacob
531 128 642 151 autem
673 117 708 150 in
740 118 779 150 iis
812 118 878 152 dici
913 118 1148 162 intelligendus
1181 132 1228 156 est

95 182 224 222 omnis,
253 180 307 214 cui
332 182 499 213 luctamen
526 188 574 211 est
599 180 758 213 adversus
782 179 995 225 principatus
1020 190 1052 214 et
1073 191 1224 227 potesta-

93 253 160 283 tes,
201 252 234 276 et
257 243 412 275 adversus
436 238 534 284 hujus
558 241 680 274 mundi
704 251 860 275 rectores.
913 242 958 275 Et
989 242 1144 276 Israelem
1170 243 1222 277 in-

94 303 203 346 teHige
233 315 390 343 omnem,
431 300 488 346 qui
519 314 581 345 per
612 301 691 335 fidei
716 302 919 346 puritatem,
956 313 986 337 et
1017 304 1220 338 munditiam

91 364 211 398 mentis
233 363 324 401 videt
346 363 471 396 Deum.
520 363 588 396 Sed
613 373 723 407 potest
746 363 867 408 aliquis
891 365 1019 405 dicere,
1052 366 1078 399 si
1103 379 1120 399 a
1143 366 1219 400 solo

89 427 167 460 Deo
192 425 355 461 debemus
380 424 508 458 discere
533 424 574 456 de
597 424 736 464 futuris,
773 433 805 457 et
827 439 939 470 neque
963 426 1134 466 divinum,
1159 440 1220 461 ne-

88 499 155 530 que
179 498 359 528 augurem,
390 499 502 530 neque
535 486 627 519 aliud
655 487 885 531 quodcunque
908 487 1032 520 horum
1057 488 1218 533 recipere,

85 560 131 580 ne
161 547 222 580 iste
257 546 394 591 quidem
427 547 499 591 ipse
538 546 679 580 Balaam
719 548 934 592 recipiendus
977 558 1025 582 est
1056 561 1074 581 a
1105 549 1216 583 nobis.

83 607 182 640 Unus
207 608 297 640 enim
323 621 359 641 ex
390 608 429 642 iis
455 618 516 649 est,
557 621 642 652 quos
672 609 777 653 recipi
806 609 966 653 prohibet
996 610 1107 644 divina
1138 623 1214 644 sen—

83 669 197 705 tentia.
243 669 312 703 Sed
337 672 472 703 adverte
496 669 698 710 diligentius,
724 679 754 702 et
777 679 969 710 memento,
993 670 1074 715 quid
1099 671 1134 704 in
1157 685 1212 704 su-

81 730 276 775 perioribus
305 731 463 773 legimus,
494 731 554 763 ubi
580 731 702 763 dicitur
726 731 768 763 de
794 744 852 772 eo,
896 731 974 776 quia
998 731 1112 778 injecit
1137 732 1212 765 Do—

81 792 193 825 minus
216 793 356 828 verbum
379 805 477 824 suum
510 791 544 824 in
572 805 608 824 os
633 790 713 836 ejus.
760 793 840 825 Non
866 805 945 835 ergo
971 793 1054 826 haec
1077 806 1169 827 nunc
1193 807 1212 826 a

80 851 243 893 Balaam,
263 854 322 885 sed
347 865 364 885 a
390 854 494 886 verbo
515 852 599 892 Dei,
625 854 719 897 quod
742 852 776 886 in
803 867 862 887 ore
887 852 956 900 ejus
981 863 1029 887 est
1051 854 1211 899 positum,

81 913 252 948 discimus.
308 914 380 949 Nisi
412 914 502 948 enim
532 915 634 947 verba
666 914 732 948 Dei
769 924 896 954 essent,
935 928 1008 948 non
1032 928 1068 948 ea
1093 916 1211 960 utique

79 976 253 1009 revelasset
276 976 406 1008 famulo
430 989 492 1009 suo
516 975 629 1008 Mosi:
655 989 741 1020 quae
764 977 885 1020 procul
909 976 1040 1021 positus
1064 990 1141 1010 cum
1166 978 1208 1010 ab

79 1050 120 1069 eo
145 1037 213 1079 regi
236 1038 365 1071 Balach
389 1036 599 1076 dicerentur,
624 1046 753 1069 certum
779 1047 848 1077 est,
880 1039 975 1082 quod
998 1038 1063 1071 nisi
1087 1051 1105 1070 a
1129 1038 1207 1071 Deo

76 1097 141 1131 sibi
165 1098 310 1131 revelata
341 1098 455 1130 Moses
487 1097 571 1130 scire
603 1111 673 1130 non
704 1098 826 1142 potuit.
880 1100 1004 1132 Adhuc
1029 1109 1138 1131 autem
1163 1100 1207 1132 ad

79 1159 320 1192 destruendam
345 1159 478 1203 penitus
502 1158 759 1199 divinationem,
784 1160 836 1192 vel
860 1160 1135 1201 augurationem‚
1158 1170 1206 1194 at-

77 1233 144 1264 que
177 1220 241 1253 alia
273 1218 488 1266 hujusmodi,
523 1219 621 1252 etiam
660 1219 727 1253 hoc
766 1230 999 1265 competenter
1031 1222 1205 1262 addemus,

75 1281 170 1325 quod
197 1293 315 1313 omnes
338 1281 390 1314 isti
415 1281 536 1319 avium,
556 1281 606 1312 vel
630 1280 826 1314 animalium
850 1281 1037 1314 ministerio
1053 1291 1204 1322 utuntur,

71 1343 132 1375 sed
155 1342 292 1382 talium,
317 1354 404 1386 quae
427 1350 459 1374 et
479 1341 658 1374 immunda
689 1341 883 1375 scribuntur
904 1342 939 1375 in
963 1344 1052 1384 lege,
1084 1352 1117 1376 et
1139 1343 1203 1376 hu-

74 1416 176 1437 mano
201 1405 314 1445 generi
339 1403 642 1447 deprehenduntur
672 1415 806 1447 semper
828 1403 1039 1445 insidiantia,
1070 1417 1108 1438 ex
1133 1417 1201 1449 quo

72 1466 191 1510 utique
224 1474 438 1510 opportuna,
470 1473 502 1496 et
534 1463 634 1505 digua
665 1463 850 1497 ministerio
880 1466 1085 1498 daemonum
1110 1464 1202 1512 judi-

74 1536 146 1560 cata
169 1536 256 1560 sunt.
304 1527 393 1559 Nam
427 1525 640 1571 Pythonibus
664 1526 847 1566 dracones,
878 1527 1003 1571 aliique
1032 1536 1202 1571 serpentes

71 1574 263 1621 ministrare
290 1586 522 1632 perhibemur.
585 1586 778 1628 Auguribus
809 1596 840 1620 et
869 1587 924 1628 iis,
965 1587 1023 1632 qui
1055 1601 1094 1620 ex
1117 1588 1201 1621 inci-

73 1648 231 1682 dentibus
265 1648 439 1682 divinandi
473 1657 608 1693 captare
637 1657 802 1693 putantur
838 1649 1004 1694 auspicia,
1040 1658 1098 1682 aut
1126 1649 1199 1693 lupi

72 1711 186 1743 ferunt
211 1709 343 1749 omina,
379 1718 435 1742 aut
458 1709 594 1753 vulpes,
626 1719 682 1741 aut
707 1709 896 1754 accipitres,
927 1719 985 1742 aut
1009 1710 1118 1749 corvi,
1142 1719 1200 1743 aut

71 1769 223 1814 aquilae,
257 1780 314 1803 aut
344 1771 408 1805 alia
439 1769 653 1816 hujusmodi,
693 1783 780 1815 quae
815 1770 853 1804 in
888 1772 959 1813 lege
993 1770 1123 1811 Moses,
1162 1779 1198 1804 ut

72 1830 234 1871 diximus,
258 1832 296 1864 iis
322 1833 424 1864 credo
451 1833 492 1864 de
517 1831 623 1864 causis
646 1831 773 1864 notavit
795 1832 983 1867 immunda.

159 1892 191 1926 8.
237 1891 321 1926 Post
344 1893 444 1925 haec:
476 1905 594 1933 ‚,ecce,
609 1893 643 1935 ¹)
666 1892 794 1937 inquit,
824 1895 973 1938 populus
996 1893 1082 1927 sicut
1105 1902 1198 1927 catu-

70 1955 122 1987 lus
146 1954 254 1987 leonis
279 1962 446 1995 exsurget,
480 1962 512 1985 et
533 1952 618 1987 sicut
642 1955 696 1987 leo
723 1954 928 1988 exsultabit.“
980 1955 1020 1988 In
1050 1953 1090 1988 iis
1111 1954 1197 1988 mihi

69 2015 202 2049 videtur
247 2015 490 2048 confidentiam
538 2015 659 2060 populi
707 2001 896 2049 describere
943 2014 1109 2049 credentis
1160 2013 1194 2048 in

71 2076 225 2116 Christo,
251 2086 280 2109 et
306 2076 515 2115 libertatem,
549 2090 650 2121 quam
677 2077 780 2111 habet
812 2077 846 2110 in
879 2077 964 2116 fide.
1000 2086 1032 2110 et
1056 2077 1195 2111 exsulta-

163 2199 198 2243 ¹)
225 2199 322 2232 Num.
347 2198 478 2237 XXIII,
500 2199 554 2233 24.
