1427 2460
177 93 223 129 68
663 92 839 127 Omessms

179 185 362 219 dilatamur
384 183 421 216 in
443 182 560 224 terris,
595 191 691 216 tanto
722 183 789 217 illis
818 183 924 228 spatia
956 182 994 216 in
1024 182 1226 216 coelestibus
1247 182 1315 215 lar-

179 246 273 289 giora
300 244 532 278 concedimus.
578 244 682 277 Unde
704 244 770 278 hoc
794 245 899 287 magis
923 257 1070 286 agamus,
1087 254 1125 278 ut
1137 244 1237 281 nobis
1254 258 1315 277 au-

181 307 399 351 gescentibus,
422 306 471 339 illi
495 305 708 346 minuantur,
740 306 841 340 nobis
863 306 1145 349 ingredientibus,
1171 305 1220 339 illi
1241 305 1316 352 pel-

181 370 305 408 lantur,
327 367 428 400 nobis
453 367 746 407 adscendentibus,
769 368 819 400 illi
845 369 982 401 cadant:
1013 369 1097 402 sicut
1126 378 1158 401 et
1181 368 1238 401 ille
1261 380 1318 400 ce-

183 429 281 469 cidit,
312 430 355 461 de
383 442 452 473 quo
479 428 560 461 dicit
582 428 754 463 Dominus
777 429 812 462 in
833 429 1036 472 Evangelio:
1066 443 1176 470 „ecce,
1191 430 1224 474 ¹)
1247 428 1316 462 vidi

160 492 166 499 ”
184 492 343 525 Satanam
369 490 455 523 sicut
485 491 598 532 fulgur
621 492 797 523 cadentem
825 492 866 524 de
887 492 1024 524 coelo:“
1053 500 1092 525 ut
1114 491 1178 524 illis
1202 490 1318 536 proje-

185 554 255 592 ctis,
277 553 471 586 introducat
494 565 556 585 nos
580 552 660 584 illuc
684 551 855 585 Dominus
879 562 996 585 noster
1019 553 1127 592 Jesus,
1152 561 1184 585 et
1208 551 1319 597 perci-

184 628 266 658 pere
289 627 430 656 regnum
454 627 551 647 suum
575 615 719 647 coeleste
743 614 916 648 concedat.
969 613 1038 658 Ipsi
1068 613 1173 655 gloria
1204 614 1238 646 in
1262 625 1319 645 ae·-

188 685 282 708 terna
305 676 437 709 saecula
460 675 691 708 saeculorum!
738 675 868 709 Amen!

449 958 484 997 11
523 958 558 996 o
596 957 643 996 M
678 958 695 996 1
730 958 760 996 L
796 944 883 996 ΙἈ
946 957 1072 996 vm.

191 1056 246 1089 Dc
268 1056 318 1096 iis,
341 1069 427 1101 quae
451 1057 492 1089 ab
518 1056 789 1100 exploratoribus
813 1055 1067 1094 renuntiantur,
1095 1063 1127 1086 et
1160 1054 1203 1086 de
1231 1051 1321 1085 indi-

247 1117 405 1159 gnatione
429 1116 590 1157 Domini,
615 1130 653 1150 ac
677 1116 925 1161 supplicatione
946 1116 1053 1150 Mosis
1083 1125 1115 1148 et
1138 1117 1266 1148 Aaron.

280 1208 311 1240 1.
340 1206 535 1240 Duodecim
549 1207 586 1252 ²)
610 1206 702 1240 missi
733 1216 810 1240 sunt
832 1206 1041 1251 inspectores
1065 1217 1103 1237 ex
1125 1203 1202 1236 filiis
1223 1202 1327 1236 Israel

192 1267 235 1300 ad
260 1269 543 1301 considerandam
567 1278 702 1310 terram,
726 1281 812 1313 quae
826 1268 864 1302 iis
881 1269 991 1300 suerat
1005 1265 1218 1312 repromissa,
1233 1264 1327 1309 iique

192 1337 270 1372 post
293 1329 514 1373 quadraginta
539 1330 608 1363 dies
632 1330 782 1373 regressi,
808 1330 936 1363 diversa
970 1327 1176 1362 renuntiant.
1236 1326 1325 1358 Nam

192 1390 311 1422 decem
335 1403 372 1422 ex
403 1390 442 1424 iis
477 1390 513 1422 in
537 1390 806 1436 desperationem
837 1391 1007 1435 populum
1031 1390 1186 1428 mittunt,
1214 1387 1259 1419 ita
1289 1395 1328 1418 ut

191 1450 295 1482 velint
319 1450 452 1496 abjecto
476 1451 575 1485 Mose
612 1453 734 1494 eligere
756 1452 860 1485 alium
893 1453 1035 1490 ducem,
1074 1459 1106 1483 et
1139 1447 1260 1482 reverti
1289 1447 1327 1480 in

191 1513 392 1558 Aegyptum.
439 1513 507 1546 Alii
529 1527 610 1546 vero
634 1515 703 1547 duo
717 1514 754 1558 ³)
777 1515 870 1547 bona
895 1513 1064 1551 nuntiant,
1087 1520 1118 1544 et
1142 1511 1327 1544 cohortan-

191 1581 247 1605 tur
270 1575 438 1618 populum
468 1587 670 1619 permanere
698 1576 734 1607 in
764 1576 852 1615 fide,
886 1574 1052 1608 dicentes:
1088 1572 1184 1617 „si⁴)
1218 1570 1326 1613 diligit

190 1647 255 1667 nos
280 1634 461 1675 Dominus,
484 1637 679 1669 introducet
701 1649 763 1669 nos
788 1637 822 1669 in
847 1646 971 1669 terram
994 1636 1115 1668 hanc.“
1167 1633 1237 1666 Sed
1260 1646 1327 1677 po-

191 1697 293 1739 pulus
316 1697 520 1731 infidelitatis
544 1698 781 1743 desperatione
803 1710 965 1742 praeceps
989 1696 1113 1737 agitur,
1147 1704 1178 1727 et
1208 1695 1252 1727 ad
1276 1695 1325 1726 la-

191 1755 362 1799 pidandos
386 1748 536 1804 eos,¹qui
559 1760 652 1792 bona
675 1760 842 1799 nuntiant,
865 1758 1021 1803 prosiliit.
1063 1755 1220 1801 BIajestas
1245 1768 1324 1788 vero

192 1816 338 1851 Domini
360 1820 507 1863 protegit
530 1834 587 1853 eos
618 1821 654 1853 in
682 1821 843 1854 nubibus.
898 1818 1011 1862 „Et⁵)
1043 1818 1125 1851 dicit
1154 1817 1326 1850 Dominus

195 1880 238 1912 ad
261 1880 405 1914 Mosen:
427 1881 545 1914 feriam
571 1895 628 1915 eos
651 1892 772 1923 morte,
796 1892 827 1915 et
849 1880 1042 1914 interimam
1059 1892 1127 1920 eos,
1151 1888 1183 1912 et
1202 1878 1325 1912 faciam

194 1948 236 1980 te,
260 1951 292 1974 et
315 1943 458 1976 domurn
483 1943 586 1988 patris
615 1943 665 1977 tui
695 1943 732 1977 in
753 1942 928 1977 nationem
951 1954 1130 1986 magnam,
1160 1950 1192 1975 et
1214 1941 1323 1974 multo

289 2057 324 2100 ¹)
348 2059 428 2092 Luc.
454 2061 498 2101 X,
523 2061 576 2095 18.

285 2113 321 2155 ²)
346 2114 416 2147 Cfr.
440 2116 542 2150 Num.
566 2118 659 2158 XJII,
683 2118 713 2151 1.
737 2131 830 2163 seqq.

285 2169 320 2211 ³)
344 2169 434 2203 Edd.
459 2171 614 2207 Mcrlini:
638 2175 720 2207 dum
745 2175 839 2206 bona
862 2182 926 2205 etc.

283 2224 320 2269 ⁴²)
345 2226 447 2260 Num.
469 2227 564 2267 XIV,
587 2228 619 2262 8.
645 2248 686 2254 -
710 2229 800 2263 Edd.
824 2228 979 2262 Merlini:
1002 2228 1206 2262 introducat.

284 2279 320 2324 6)
344 2281 445 2315 Num.
469 2283 561 2324 xiv,
586 2287 638 2318 11.
664 2285 715 2318 12.
1161 2296 1168 2301 -
