1427 2460
239 85 306 119 3⁶34
727 82 905 118 Ommzms

241 176 331 216 ovis,
356 184 414 208 aut
437 176 500 207 bos
527 173 685 219 culpare,
708 174 802 208 verbi
827 187 946 216 causa,
968 175 1064 221 quod
1088 175 1160 210 aliis
1185 176 1383 213 anim-libus

240 238 399 272 carnibus
424 235 509 270 vesci
537 237 654 270 datum
679 246 745 277 est,
770 251 847 271 cum
871 237 952 282 ipsis
976 238 1019 271 ad
1038 237 1210 271 edendum
1236 239 1384 280 gramina

239 301 312 334 sola
337 298 516 332 sufficiant.
572 298 622 331 Ita
655 311 734 341 ergo
761 308 794 331 et
816 299 852 332 in
878 298 960 333 cibis
984 299 1226 340 rationalibus,
1243 300 1280 344 ¹)
1302 301 1385 335 divi-

240 375 365 394 norum
392 360 469 393 dico
495 360 729 401 voluminum,
752 374 824 394 non
851 361 1015 394 continuo
1042 371 1099 395 aut
1124 363 1306 407 culpanda,
1329 372 1386 397 aut

238 425 418 457 refutanda
441 432 491 455 est
515 422 711 466 Scriptura,
743 436 829 466 quae
853 423 1031 457 difficilior
1055 433 1112 457 aut
1137 423 1320 458 obscurior
1341 426 1384 460 ad

238 485 496 527 intelligendum
522 483 673 524 videtur,
697 484 750 516 vel
775 497 813 517 ea
839 484 1033 524 continere,
1063 487 1186 530 quihus
1209 487 1277 520 sive
1300 486 1385 521 inci—

239 549 335 592 piens
352 547 407 591 ²),
439 554 470 578 et
493 545 672 590 parvulus,
704 545 772 579 sive
804 545 976 579 infirmior
1000 557 1031 579 et
1054 548 1167 581 minus
1192 549 1235 581 ad
1259 548 1384 583 intelli-

238 609 346 652 genda
373 608 490 641 omnia
515 607 646 640 validus
670 607 719 640 uti
743 620 816 640 non
840 618 967 652 potest,
998 621 1061 642 nec
1086 610 1235 643 conferri
1258 610 1323 644 sibi
1348 623 1386 644 ex

238 672 278 704 iis
302 669 454 704 utilitatis
481 668 610 714 aliquid
631 669 800 702 existimat
823 679 882 704 aut
910 671 1040 704 salutis:
1078 671 1138 704 sed
1169 671 1385 706 considerare

239 732 409 776 debes‚³)
441 731 519 776 quia
546 731 632 764 sicut
654 744 791 776 serpens
819 732 899 776 et4)
926 732 1014 773 ovis,
1047 742 1080 766 et
1108 733 1173 766 bos
1204 742 1236 765 et
1267 733 1385 774 homo,

239 808 277 828 ac
302 796 462 833 foenum,
497 792 563 826 Dei
600 803 750 826 creatura
782 803 860 827 sunt
888 793 1022 834 omnia,
1061 803 1093 827 et
1130 793 1300 828 diversitas
1323 794 1383 829 ista

237 859 280 890 ad
307 857 443 889 laudem
467 864 594 900 spectat
618 864 651 888 et
674 855 817 896 gloriam
843 856 1026 896 creatoris,
1059 856 1155 900 quod
1185 866 1383 902 competen-

236 931 305 952 tem
331 927 363 951 et
386 918 422 950 in
448 926 606 962 tempore
630 916 815 962 unicuique
848 930 986 958 eorum,
1016 931 1082 962 pro
1117 918 1240 963 quibus
1271 928 1382 952 creata

237 990 326 1021 sunt,
351 981 401 1013 vel
426 980 624 1024 praebeant,
647 980 698 1013 vel
719 980 856 1024 capiant
873 980 1006 1012 cibum:
1029 980 1077 1013 ita
1091 989 1124 1012 et
1147 981 1231 1013 haec
1254 980 1382 1022 omnia,

236 1056 324 1088 quae
360 1042 462 1074 verba
488 1041 555 1074 Dei
585 1050 682 1081 sunt,
723 1050 756 1074 et
786 1041 823 1074 in
855 1042 978 1086 quihus
1011 1042 1159 1076 diversus
1189 1055 1254 1087 pro
1280 1052 1381 1088 captu

239 1106 431 1139 animarum
457 1103 551 1136 cibus
576 1112 641 1142 est,
667 1104 910 1148 unusquisque,
935 1114 1041 1148 prout
1065 1117 1185 1137 sanum
1208 1115 1302 1138 se-et
1324 1118 1381 1138 va—

237 1167 345 1200 lidum
369 1165 487 1204 sentit,
511 1174 666 1199 assumat.
715 1164 878 1208 Quamvis
906 1175 938 1198 et
961 1165 988 1199 si
1013 1164 1203 1209 diligentius
1227 1165 1380 1211 requira-

235 1243 329 1269 mus,
363 1228 458 1261 verbi
483 1239 600 1267 causa,
636 1227 671 1260 in
702 1227 878 1268 Evangelii
909 1227 1071 1269 lectione,
1109 1227 1162 1260 vel
1191 1228 1378 1272 apostolica

236 1290 409 1330 doctrina,
445 1289 482 1322 in
512 1289 635 1333 quibus
667 1288 828 1322 delectari
858 1289 999 1331 videris,
1035 1299 1069 1323 et
1097 1287 1133 1321 in
1164 1288 1287 1333 quibus
1316 1289 1378 1322 tibi

235 1351 447 1397 aptissimum
473 1360 505 1384 et
527 1351 761 1384 suavissimum
785 1352 927 1395 deputas
960 1351 1095 1392 cibum,
1131 1359 1257 1395 quanta
1289 1361 1378 1392 sunt,

233 1427 321 1459 quae
344 1423 378 1447 te
401 1414 524 1452 latent,
555 1413 582 1447 si
606 1413 782 1454 discutias,
813 1421 845 1445 et
876 1413 1095 1457 perscruteris
1116 1415 1277 1447 mandata
1301 1413 1379 1447 Do-

231 1476 342 1510 mini?
391 1475 499 1519 Quod
529 1475 555 1508 si
587 1487 643 1514 ea,
674 1488 762 1520 quae
795 1474 940 1508 obscura
965 1475 1124 1508 videntur
1155 1484 1188 1508 et
1214 1474 1379 1515 difficilia,

232 1538 430 1580 refugienda
467 1546 547 1570 sunt
582 1537 740 1582 protinus
773 1546 806 1570 et
834 1536 992 1577 vitanda,
1026 1536 1177 1570 invenies
1209 1536 1309 1570 etiam
1341 1537 1379 1570 in

230 1600 315 1640 illis,
338 1599 375 1633 in
401 1600 524 1644 quibus
549 1599 647 1632 valde
672 1599 833 1638 confidis,
856 1607 925 1632 tam
949 1599 1058 1632 multa
1084 1600 1230 1633 obscura
1253 1609 1287 1632 et
1312 1599 1378 1633 dif-

231 1662 352 1702 fmilia,
381 1671 419 1694 ut
450 1662 477 1694 si
508 1661 597 1694 hanc
627 1660 830 1694 sententiam
854 1670 984 1701 teneas,
1020 1660 1062 1694 sit
1084 1660 1148 1694 tibi
1173 1661 1272 1695 etiam
1295 1661 1378 1695 inde

230 1725 473 1758 recedendum.
522 1723 610 1756 Sunt
632 1732 748 1756 tamen
770 1723 920 1768 plurima
943 1723 978 1756 in
1001 1723 1086 1763 illis,
1118 1736 1205 1768 quae
1228 1723 1377 1769 apertius

230 1796 263 1820 et
285 1786 471 1832 simplicius
497 1785 586 1819 dicta
603 1785 640 1830 ἦ)
663 1794 761 1826 sunt,
799 1797 901 1830 quam
931 1793 972 1818 ut
999 1785 1094 1830 parvi
1117 1799 1233 1820 seusus
1257 1785 1374 1820 aedifi-

324 1961 359 2006 l)
383 1961 474 1994 Edd.
499 1960 658 1995 Merlini:
683 1959 952 1994 rationabilibus.

322 2017 359 2063 ²)
384 2018 473 2051 Edd.
498 2017 656 2052 Merlini:
680 2017 852 2062 insipiens.

321 2075 358 2118 ³)
382 2075 460 2108 Mss.
476 2074 636 2116 ‚‚dehes.“
659 2074 754 2107 Libri
769 2072 849 2107 editi
863 2072 913 2117 (v.
923 2085 949 2105 c.
961 2071 1134 2116 edd.M.):
1148 2071 1307 2112 ‚,debet.“
1330 2070 1372 2105 R.

321 2128 358 2175 ⁴)
383 2130 488 2163 Iidem
515 2130 594 2163 Mss.
618 2139 672 2170 „et
696 2129 767 2163 ovis
792 2138 824 2162 et
848 2129 929 2170 bos,
957 2137 990 2161 et
1013 2128 1156 2161 hom0.“
1209 2127 1250 2160 In
1274 2124 1371 2160 libris

230 2174 324 2209 editis
348 2176 396 2219 (e.
422 2188 450 2208 c.
477 2175 554 2208 edd.
579 2174 648 2219 M.)
673 2175 796 2208 desunt
819 2175 940 2207 verba:
965 2182 1017 2213 „et
1040 2174 1134 2206 bos.“
1181 2172 1221 2205 R.

323 2231 358 2273 ⁵)
382 2230 470 2264 Edd.
490 2230 647 2264 Merlini:
672 2231 760 2265 dicta
778 2239 873 2264 sunt:
898 2238 935 2262 ut
961 2228 1112 2275 quamvis
1136 2228 1231 2274 parvi
1254 2240 1368 2262 sensus

229 2276 406 2310 aedificent
433 2286 492 2308 etc.
