1427 2460
207 102 252 135 20
697 99 873 133 ememus

215 190 346 224 conus?
396 190 520 223 Nonne
545 190 627 222 haec
653 189 832 228 dicuntur,
856 186 916 221 ubi
941 189 992 220 vel
1016 188 1192 227 sacerdos,
1216 189 1267 221 vel
1292 187 1356 221 mi-

216 253 320 285 nister
341 252 407 284 Dei
434 265 532 283 ausus
548 251 581 294 ¹)
606 250 707 283 suerit
731 251 765 283 in
791 250 906 295 aliquo
932 259 1051 282 contra
1076 249 1233 282 ordinem
1258 262 1358 282 suum

216 314 339 351 venire,
365 322 395 344 et
419 312 547 356 aliquid
573 321 693 344 contra
716 312 980 350 sacerdotalem,
1009 311 1063 344 vel
1086 310 1273 344 Leviticum
1299 323 1356 343 or—

218 375 331 407 dinen·
359 373 496 414 gerere?
544 373 638 416 Quid
672 382 783 405 autem
810 382 842 405 et
867 373 910 406 (le
933 373 1116 415 virginibus
1145 372 1274 409 dicam,
1297 379 1357 404 aut

218 437 260 467 de
285 435 548 473 continentibus,
573 435 625 466 vel
651 434 820 472 omnibus,
846 434 904 478 qui
927 433 961 466 in
985 433 1199 478 professione
1222 432 1360 474 religio·

217 498 268 530 nis
292 496 471 530 videntur?
507 496 632 528 Nonne
657 496 683 528 si
708 496 791 540 quid
814 494 1092 535 inverecundum,
1116 496 1168 527 vel
1192 495 1360 540 petulans,

217 559 242 591 si
268 559 349 603 quid
374 568 570 603 protervum
597 555 773 599 gesserint,
807 556 916 598 arguit
951 569 1007 590 eos
1043 556 1208 590 continuo
1233 555 1360 593 Moses,

219 629 251 651 et
285 619 381 651 dicit:
422 619 599 662 „liomo²)
631 618 820 651 secundum
862 618 1019 651 ordinem
1049 631 1149 651 suum
1179 615 1361 649 incedat?⁴‘

221 681 390 722 Agnoscat
415 680 514 721 igitur
547 679 776 724 unusquisque
801 679 958 712 ordinem
984 693 1103 718 suum,
1138 688 1170 711 et
1202 677 1283 723 quid
1309 676 1360 709 di-

221 755 324 783 gnum
351 741 389 775 sit
411 754 451 774 eo
478 741 618 780 ordine,
644 730 744 785 quein
770 741 925 785 suscepit,
943 740 1123 783 intelligat,
1148 750 1179 773 et
1201 739 1245 772 ita
1262 738 1361 772 libret

221 812 314 836 actus
340 817 430 842 suos,
455 802 499 835 ita
525 802 624 835 etiam
650 815 860 841 sermonem,
897 802 1064 836 incessum
1088 814 1227 846 quoque
1250 800 1362 845 ipsum

222 875 253 897 et
277 864 430 897 habiturn
465 865 683 904 moderetur,
721 873 758 896 ut
795 878 872 896 cum
905 864 1034 897 ordinis
1068 864 1118 896 sui
1150 862 1363 908 professione

222 926 415 965 conveniat,
448 939 492 958 ne
526 926 640 958 audiat
664 925 731 957 dici
755 925 798 958 ad
823 938 857 958 se
882 938 900 957 a
925 925 1023 964 Deo,
1048 924 1127 969 quia
1151 921 1362 968 ‚,propter³)

221 999 279 1019 vos
304 999 431 1019 nomen
456 1000 571 1020 mcum
596 987 853 1031 blasphematur
877 987 965 1020 inter
991 991 1135 1030 gentes.“

311 1049 343 1082 2.
370 1047 463 1091 Quid
499 1057 613 1081 autem
647 1048 704 1088 sit,
736 1050 827 1093 quod
855 1049 951 1082 dicit:
985 1048 1086 1092 „et⁴)
1109 1048 1297 1081 secundum
1320 1046 1365 1080 si-

222 1123 287 1151 gna
318 1114 416 1142 sua:“
447 1110 628 1143 videamus.
698 1111 771 1150 Ego
804 1120 887 1154 puto
920 1111 1012 1151 signa
1048 1122 1116 1143 esse
1147 1123 1204 1149 ea,
1240 1108 1363 1153 quibus

221 1170 486 1214 uniuscujusque
511 1172 702 1216 proprietas
729 1171 939 1212 designatur:
970 1170 1065 1203 verbi
1087 1171 1209 1213 gratia,
1245 1182 1364 1202 omncs

223 1233 361 1276 quidem
386 1232 540 1265 homines
564 1232 687 1265 similes
712 1245 844 1271 sumus,
878 1233 938 1265 scd
963 1241 1010 1265 est
1033 1231 1175 1277 propria
1201 1231 1365 1275 qaaedam

224 1292 488 1338 uniuscujusque
511 1294 700 1333 distinctio,
725 1295 775 1326 vel
801 1294 836 1325 in
859 1294 932 1338 ipso
959 1294 1072 1333 vultu,
1094 1294 1145 1325 vel
1172 1292 1207 1324 in
1229 1300 1365 1329 statura,

225 1355 274 1386 vel
300 1354 332 1385 in
359 1354 546 1398 positione,
583 1356 634 1387 vel
659 1356 693 1388 in
732 1355 868 1394 habitu,
900 1368 963 1399 per
995 1367 1099 1398 quac,
1131 1352 1224 1386 verbi
1250 1352 1364 1394 gratia,
1408 1375 1410 1390 η,

224 1414 360 1454 Paulus,
385 1414 463 1459 quia
490 1414 614 1448 Paulus
638 1416 688 1456 sit,
714 1416 917 1458 designetur,
944 1425 975 1448 et
993 1416 1124 1455 Petrus,
1149 1414 1228 1459 quia
1245 1414 1364 1447 Petrus

225 1477 276 1514 sit,
302 1485 332 1508 et
356 1489 426 1508 nou
451 1476 492 1509 sit
524 1476 659 1509 Paulus.
724 1477 898 1510 Interdum
931 1487 1043 1510 nutem
1080 1476 1178 1509 etiam
1210 1488 1284 1509 non
1314 1474 1363 1507 vi-

225 1537 382 1570 dentibus
407 1536 681 1582 uniuscujusque·
703 1539 787 1580 signi
819 1538 990 1572 diversitas
1017 1541 1134 1578 datur,
1158 1547 1195 1571 ut
1219 1550 1258 1570 cx
1280 1549 1364 1573 ,voce

225 1608 257 1631 et
281 1599 416 1643 loquela
443 1609 599 1642 agnoscat
631 1599 727 1634 illum
764 1613 850 1640 esse,
875 1601 926 1633 vel
957 1601 1071 1639 illum,
1104 1599 1163 1645 qui
1192 1598 1364 1644 loquitur:

226 1669 259 1692 et
283 1661 470 1692 secundum
496 1673 574 1693 suae
599 1661 816 1705 proprietatis
842 1661 974 1703 signum
1007 1661 1239 1706 unusquisque
1263 1658 1363 1692 etiam

225 1723 295 1753 sine
319 1720 505 1767 corporali¹
526 1720 654 1754 visione
685 1722 911 1762 cognoscitur.
966 1722 1044 1755 Hoc
1074 1723 1182 1755 modo
1216 1721 1365 1754 arbitror

226 1795 294 1815 esse
326 1782 424 1814 etiam
458 1782 491 1814 in
525 1781 644 1815 animis
673 1783 764 1824 signa
791 1783 930 1816 diversa.
985 1783 1031 1816 Et
1060 1783 1198 1816 alterius
1223 1781 1362 1826 quidem

226 1844 327 1876 :inimi
354 1853 465 1876 motus
491 1843 602 1876 lenior
626 1853 689 1883 est,
723 1843 830 1883 mitis,
860 1844 1034 1889 placidus,
1064 1842 1284 1887 tranquillus,
1309 1855 1364 1874 ae-

227 1905 347 1949 qualis:
374 1905 508 1937 alterius
535 1905 699 1944 turbidus,
728 1907 841 1945 elatus,
865 1907 1038 1951 asperior,
1062 1905 1242 1944 incitatior,
1266 1912 1364 1948 petu-

225 1967 360 1999 lantior.
417 1967 511 1999 Alius
544 1967 815 2011 circumspectus,
840 1977 966 2008 cautus,
988 1967 1163 2012 providus,
1186 1964 1363 2004 sollicitus,

321 2061 354 2103 ¹)
380 2061 467 2093 Edd.
494 2061 651 2094 Men-lini:
675 2062 761 2094 visus
785 2062 896 2095 fuerit.

318 2118 356 2160 ²)
382 2116 452 2149 Cfr.
478 2118 578 2150 Num.
604 2118 646 2157 ll,
670 2119 701 2151 2.

318 2172 355 2214 ³)
382 2171 454 2206 Cfr.
485 2173 585 2207 Rom.
617 2174 667 2214 ΙΙ,
702 2175 755 2209 21.
789 2176 865 2209 coll.
902 2175 968 2209 Jes.
1002 2174 1079 2214 LH,
1112 2174 1143 2208 5.
1175 2183 1208 2207 et
1240 2172 1361 2206 Ezech.

225 2217 390 2256 XXXVI,
414 2218 467 2251 20.
491 2219 546 2252 ⁶23.

317 2271 351 2315 4)
378 2272 477 2304 Num.
504 2273 544 2313 Il,
569 2274 600 2306 2.
