1427 2460
225 77 269 112 72
707 77 884 113 OmGEms

222 167 347 200 stolum
369 176 577 208 monentem,
600 177 638 201 ut
657 169 873 204 adsumamus
896 178 1050 210 „scutum
1064 169 1100 214 ¹)
1122 169 1213 211 fidei,
1237 169 1273 204 in
1290 183 1361 216 quo

221 228 366 272 possitis,
388 228 508 273 inquit,
534 228 649 262 omnia
681 229 789 275 jacula
823 231 963 273 maligni
992 231 1095 274 ignita
1125 232 1362 275 exstinguere.“

221 290 324 323 Vides
349 303 439 331 ergo,
463 300 600 334 peccata
624 291 762 333 maligni
787 305 855 326 esse
879 293 999 339 jacula,
1037 306 1123 338 quae
1152 292 1189 326 in
1213 293 1362 326 animam

222 350 425 392 diriguntur.
484 352 616 385 Patitur
646 361 756 385 autem
791 363 823 386 et
853 355 966 387 anima
991 368 1063 388 non
1086 355 1197 389 solum
1223 356 1363 388 vulnera

219 409 432 456 jaculorum,
456 415 515 448 sed
541 422 571 446 et
595 414 756 447 fracturas
780 417 927 459 pedum,
965 429 1041 449 curn
1065 415 1178 461 laquei
1201 425 1364 461 parantur

220 472 366 516 pedibus
391 471 471 518 ejus,
497 484 528 507 ct
550 476 813 520 supplantantur
832 489 958 518 gressus
983 476 1064 523 ejus.
1106 477 1201 510 Haec
1225 490 1305 520 ergo
1331 486 1363 510 et

221 531 418 578 hujusmodi
449 535 588 569 vulnera
621 547 749 581 quanto
781 547 937 582 tempore
967 549 1063 583 putas
1092 552 1193 584 posse
1226 537 1360 572 curari?

223 594 254 628 Ο
278 595 304 628 si
328 610 504 641 possemus
528 611 590 642 per
613 601 885 645 unumquodque
909 610 1088 645 peccatum
1115 600 1248 640 videre,
1273 613 1362 644 quo-

220 658 327 690 modo
352 658 459 692 homo
485 669 602 693 noster
625 660 767 694 interior
790 659 922 694 assidue
947 662 1155 702 vulneratur,
1179 661 1360 707 quomodo

219 732 332 753 sermo
356 721 465 755 malus
488 723 610 755 vulnus
634 722 769 764 infligit!
794 724 872 756 Non
897 722 1019 765 legisti:
1045 722 1244 766 ‚,dicunt‚²)
1280 721 1360 767 quia

218 782 396 815 vulnerant
420 783 532 825 gladii,
555 785 614 817 sed
637 797 710 817 non
734 785 780 817 ita
805 785 1015 826 utlingua?¹‘
1050 785 1258 818 vulneratur
1281 796 1360 826 ergo

218 855 282 886 per
304 843 452 885 linguam
477 845 600 886 anima,
624 847 820 879 vulneratur
844 856 876 880 et
898 859 960 891 per
977 845 1195 887 cogitationes
1220 853 1252 877 et
1276 857 1361 877 con-

219 904 441 949 cupiscentias
465 908 578 947 malas,
605 907 769 950 frangitur
793 917 903 941 autem
921 917 953 941 et
970 907 1156 941 conteritur
1169 919 1231 950 per
1255 917 1360 949 opera

218 967 358 1011 peccati.
416 967 515 1012 Quae
543 970 570 1002 si
605 970 719 1002 omnia
744 970 857 1002 videre
880 982 1073 1014 possemus,
1112 977 1144 1001 et
1167 968 1360 1000 vulneratae

219 1027 351 1061 animae
374 1031 496 1062 sentire
521 1031 699 1069 cicatrices,
724 1040 852 1063 certum
878 1040 935 1070 est,
960 1031 1054 1075 quod
1081 1042 1186 1074 usque
1205 1029 1248 1062 ad
1265 1041 1360 1060 mor-

218 1099 286 1123 tem
311 1089 537 1125 resisteremus
562 1093 738 1126 adversum
763 1102 950 1137 peccatum.
998 1092 1068 1125 Sed
1096 1104 1188 1124 nunc
1219 1089 1303 1123 sicut
1324 1088 1359 1129 ii,

219 1151 278 1196 qui
310 1151 362 1184 vel
397 1153 566 1186 daemone
595 1154 732 1198 repleti,
770 1153 822 1186 vel
853 1163 966 1186 mente
997 1152 1133 1185 alienati
1155 1159 1248 1189 sunt,
1285 1162 1358 1182 non

217 1212 366 1245 sentiunt
388 1212 414 1245 si
438 1214 672 1255 vulnerentur,
707 1214 785 1260 quia
809 1215 1022 1248 naturalibus
1051 1212 1202 1248 sensibus
1226 1220 1359 1244 carent:

216 1273 261 1306 ita
287 1284 317 1307 et
340 1289 403 1309 nos
428 1276 479 1308 vel
504 1276 743 1322 cupiditatibus
768 1277 893 1310 saeculi
917 1285 1065 1309 amentes
1089 1273 1209 1314 effecti,
1235 1274 1287 1306 vel
1310 1271 1359 1305 vi-

215 1334 268 1369 tiis
293 1337 459 1379 inebriati,
481 1339 604 1372 sentire
627 1352 701 1371 non
725 1352 915 1383 possumus,
940 1346 1065 1381 quanta
1085 1336 1235 1375 vulnera,
1250 1347 1359 1378 quan-

215 1405 266 1430 tas
291 1399 512 1433 contritiones
538 1400 671 1432 animae
703 1399 879 1444 peccando
914 1396 1156 1442 conquirimus.
1210 1395 1255 1428 Et
1277 1395 1357 1427 ideo

216 1461 534 1504 consequentissima
560 1460 645 1494 ratio
672 1470 719 1493 est
742 1473 884 1505 poenae,
909 1460 945 1492 id
971 1468 1035 1496 est,
1060 1469 1160 1490 curae
1185 1469 1224 1489 ac
1246 1454 1358 1489 medi-

217 1520 357 1555 cationis
381 1532 516 1567 tempus
542 1521 684 1562 extendi,
710 1531 742 1554 et
765 1535 827 1565 per
850 1520 1124 1565 unumquodque
1147 1518 1268 1550 vulnus
1290 1529 1356 1561 pro
1379 1542 1389 1553 .

217 1582 376 1626 qualitate
407 1585 524 1628 plagae
553 1582 713 1616 medendi
748 1595 886 1627 quoque
918 1581 1023 1626 spatia
1048 1577 1240 1625 propagari.
1299 1578 1357 1611 Sic

215 1657 295 1686 ergo
321 1654 353 1678 et
376 1646 442 1678 Dei
467 1646 616 1691 aequitas
642 1658 680 1677 ac
710 1643 897 1686 benignitas
930 1643 1028 1675 etiam
1060 1641 1095 1675 in
1119 1639 1198 1684 ipsis
1223 1638 1357 1672 animae

215 1706 389 1749 suppliciis
415 1706 549 1740 evidens
574 1708 648 1740 fiet:
674 1715 704 1738 et
729 1706 812 1737 haec
837 1703 995 1743 audiens,
1019 1703 1077 1747 qui
1101 1701 1271 1746 peccavit,
1301 1713 1355 1733 re-

213 1766 364 1811 sipiscat,
400 1778 434 1801 et
465 1762 553 1802 ulira
582 1781 655 1802 non
688 1775 814 1811 peccet.
870 1762 1056 1797 Conversio
1082 1762 1173 1796 enim
1198 1761 1232 1793 in
1257 1773 1356 1805 prae-

215 1828 300 1861 senti
324 1829 401 1869 vita,
426 1840 459 1863 et
481 1829 690 1875 poenitentia
716 1829 890 1861 fructuose
913 1834 1018 1867 gesta,
1053 1824 1197 1857 celerem
1223 1823 1356 1857 confert

214 1889 411 1935 hujusmodi
444 1892 639 1924 vulneribus
670 1887 892 1926 medicinam,
936 1885 1013 1930 quia
1043 1883 1250 1929 poenitentia
1282 1897 1355 1916 non

214 1951 325 1983 solum
351 1954 472 1986 vulnus
494 1952 713 1997 praeteritum
741 1957 847 1988 sanat,
870 1948 928 1981 sed
955 1956 987 1980 et
1003 1947 1090 1980 ultra
1107 1946 1256 1979 animam
1270 1959 1352 1990 pee-

214 2014 288 2038 ⁰³t⁰
319 2020 389 2040 110¹]
420 2008 500 2041 sinit
531 2012 709 2047 vulnerari.
761 2010 836 2043 Imo
869 2018 902 2042 et
932 2009 1017 2041 illud
1049 2006 1223 2051 adjiciam:
1259 2006 1354 2040 verbi

214 2079 321 2108 causa,
344 2068 371 2101 si
395 2079 555 2113 peccator
576 2082 670 2110 sum,
698 2069 868 2116 numquid
896 2069 1014 2102 eadem
1037 2067 1121 2102 mihi
1146 2069 1208 2103 erit
1228 2081 1354 2114 poena,

307 2195 344 2237 Ι)
366 2194 490 2240 Ephes.
515 2196 572 2236 vs,
598 2197 653 2232 16.

297 2248 338 2294 ⁴²)
364 2250 432 2285 Cfr.
460 2252 538 2298 Sap.
566 2252 671 2287 Sirac.
695 2252 860 2294 XXVIII,
884 2253 936 2288 18.
963 2249 1224 2297 (Ecclesiastic.)
