1427 2460
233 66 300 100 118
709 67 892 102 Omsslzms

237 156 296 197 dit,
316 169 390 189 nou
413 155 589 195 morietur,
613 155 673 189 sed
695 166 876 201 permanet
898 156 933 189 in
958 156 1059 190 vitam
1083 166 1266 191 aeternam.
1306 158 1371 193 Iste

236 228 284 252 est
308 218 398 251 enim
423 219 531 262 panis,
556 217 615 261 qui
640 231 718 251 cum
741 231 876 263 mmper
898 220 1109 259 comedatur,
1134 233 1270 265 semper
1292 234 1371 265 per-

235 289 366 320 manet,
396 279 467 312 imo
493 292 627 324 semper
650 289 800 322 augetur.
856 281 917 314 Est
947 294 1045 323 ergo,
1076 282 1161 315 sicut
1185 282 1373 327 Apostolus

237 340 335 380 dicit,
369 341 553 386 spiritualis
567 342 602 386 1)
634 354 730 382 esca,
771 355 858 387 quae
891 353 1018 387 quanto
1051 344 1155 386 magis
1182 343 1373 385 insumitur,

235 412 332 435 tanto
358 403 504 448 amplius
528 402 658 438 crescit.
704 402 844 447 Quanto
870 404 961 437 enim
978 405 1122 450 amplius
1141 406 1284 439 verbum
1305 406 1375 439 Dei

235 465 402 505 sumseris,
426 475 553 509 quanto
578 464 753 499 instantius
777 465 893 498 cibum
917 465 1019 499 istum
1043 468 1250 508 comederis,
1280 477 1373 502 tanto

236 525 272 559 in
305 535 338 559 te
370 527 564 560 affluentius
596 527 797 560 abundabit.
859 526 953 560 Haec
989 528 1079 561 dicta
1113 539 1191 563 sunt
1223 543 1289 574 pro
1323 543 1376 570 eo,

238 589 333 632 quod
356 588 519 633 scriptum
545 599 610 622 est:
635 589 747 633 „ad²)
772 590 1043 623 conservandum
1068 590 1265 634 primitias.“

329 650 358 684 7.
383 650 546 695 Sequitur
569 661 699 685 autem:
725 664 785 694 „ex
797 651 835 697 ³)
861 651 1031 691 omnibus,
1057 664 1144 696 quae
1166 652 1378 685 sanctifican-

237 720 294 744 tur
315 711 401 745 mihi
425 726 444 745 a
467 712 542 746 filiis
569 713 704 747 lsrael.“
748 712 822 746 Nee
852 713 920 746 hoc
950 713 1022 746 sine
1055 723 1268 747 sacramento
1293 714 1379 747 dici-

236 782 308 806 tur:
331 787 404 806 non
427 772 499 807 vult
524 774 615 808 enim
639 775 736 808 Deus
759 774 899 807 aliunde
923 775 1078 819 accipere
1100 774 1284 819 primitias,
1314 775 1380 808 nisi

238 847 257 867 a
280 834 494 869 san‘ctificatis
517 835 631 869 Israel.
677 836 818 869 Poterat
842 837 933 869 euim
956 836 1042 876 fieri,
1064 844 1103 869 ut
1125 844 1158 869 et
1182 838 1274 881 apud
1298 850 1380 879 gen-

237 894 310 928 tiles
333 896 569 930 invenirentur
600 897 713 942 aliqua
739 910 843 943 opera
868 897 969 940 digna
999 899 1089 931 Deo.
1146 898 1382 931 Excoluerunt

240 956 330 990 enim
353 967 384 991 et
406 958 495 992 inter
517 959 594 992 illos
618 959 724 1005 aliqui
748 959 883 993 virtutes
909 959 1024 1000 animi,
1052 969 1085 993 et
1099 959 1320 1005 philosophia
1343 959 1381 992 in

239 1019 414 1054 nonnullis
445 1020 509 1063 egit
540 1021 808 1066 aliquantulum,
842 1022 902 1055 sed
925 1035 998 1054 non
1022 1022 1093 1054 vult
1114 1021 1178 1054 ista
1202 1021 1322 1055 offerri
1343 1020 1381 1054 in

237 1081 405 1124 primitiis.
452 1085 502 1116 Ex
525 1082 590 1116 illis
614 1083 686 1116 vult
707 1083 802 1115 Deus
826 1083 1003 1116 benefacta
1025 1082 1207 1127 suscipere,
1231 1096 1382 1128 quorum

239 1155 335 1176 mens
359 1143 449 1175 videt
473 1134 601 1184 Deum,
625 1153 657 1176 et
681 1143 739 1188 qui
762 1144 962 1177 sanctificati
987 1153 1064 1177 sunt
1077 1144 1155 1177 Deo
1181 1158 1243 1189 per
1265 1146 1380 1179 fidem.

242 1203 386 1237 Gentilis
419 1214 551 1245 autem,
586 1205 716 1239 etiamsi
746 1206 876 1250 aliquid
910 1206 1092 1240 honestum
1129 1215 1161 1238 et
1198 1207 1382 1250 probabile

240 1267 366 1300 habere
389 1266 543 1300 videatur
565 1267 600 1299 in
624 1268 790 1308 moribus,
814 1267 883 1301 hoc
906 1267 992 1313 ipse,
1016 1268 1110 1312 quod
1128 1280 1202 1301 non
1216 1268 1294 1301 Deo
1319 1269 1381 1302 ad-

239 1329 355 1362 scribit
379 1328 482 1362 animi
504 1329 680 1369 virtutem,
712 1330 771 1362 sed
795 1328 975 1374 jactantiae
1008 1342 1090 1362 suae
1114 1331 1273 1374 deputat,
1305 1343 1381 1363 non

241 1400 288 1423 est
310 1390 515 1423 sanctificata
539 1390 738 1435 hujusmodi
770 1391 942 1435 probitas,
966 1399 998 1423 et
1021 1391 1101 1423 ideo
1124 1404 1197 1424 non
1219 1390 1384 1435 recipitur

240 1451 328 1484 inter
350 1451 522 1497 primitias.
576 1451 756 1495 Quantum
789 1462 902 1484 autem
937 1453 979 1485 ad
1004 1452 1239 1485 definitionem
1263 1453 1383 1486 literae

240 1512 330 1555 legis,
354 1513 487 1546 videtur
511 1513 610 1546 etiam
640 1513 833 1559 proselytos
871 1513 1050 1546 excludere
1075 1514 1118 1546 ab
1142 1512 1382 1558 hujuscemodi

240 1587 394 1610 munere.
441 1575 543 1609 Solos
568 1575 658 1608 enim
680 1575 905 1609 sanctificatos
941 1588 979 1607 ex
1002 1574 1080 1608 filiis
1103 1574 1207 1608 Israel
1230 1575 1301 1608 vult
1325 1576 1380 1608 of-

240 1637 330 1669 ferre
342 1635 380 1680 ²)
402 1636 577 1681 primitias.
634 1637 724 1670 Puto
763 1646 875 1669 autem
908 1636 1092 1669 Israelitem
1118 1636 1185 1670 dici
1206 1649 1317 1682 posse,
1341 1649 1381 1670 ex

244 1711 312 1742 quo
338 1698 418 1731 licet
443 1697 472 1731 ei
496 1698 627 1741 ingredi
651 1699 686 1731 in
713 1698 888 1732 ecclesiam
903 1698 986 1731 Dei:
1011 1697 1175 1743 scriptum
1200 1707 1248 1732 est
1271 1699 1375 1732 enim:

242 1772 335 1800 „non
348 1759 384 1804 ⁵)
407 1759 661 1793 abominaberis
686 1760 900 1807 Idmoaeum,
924 1760 1003 1804 quia
1022 1761 1127 1793 frater
1141 1768 1219 1793 tuus
1237 1769 1296 1800 est,
1318 1773 1382 1793 nee

243 1820 455 1868 Aegyptium,
480 1822 643 1867 quoniam
667 1821 781 1855 incola
807 1821 896 1856 fuisti
918 1823 954 1854 in
977 1831 1067 1855 terra
1091 1821 1246 1869 Aegypti.
1300 1821 1401 1860 Filii⁴

243 1883 269 1916 si
292 1884 361 1916 nati
385 1884 513 1917 suerint
535 1883 591 1923 iis,
625 1883 844 1928 generatione
876 1883 971 1916 tertia
994 1882 1188 1917 introibunt
1209 1884 1244 1917 in
1272 1884 1382 1916 eccle-

244 1945 326 1978 siam
356 1945 454 1979 Dei.“
506 1945 631 1978 Donec
661 1957 741 1987 ergo
772 1946 922 1978 fructum
954 1957 1027 1978 non
1060 1946 1159 1978 affert
1189 1944 1382 1991 Aegyptius,
1426 1955 1427 1958 ’

338 2100 372 2143 ¹)
396 2100 409 2131 I
437 2099 516 2133 Cor.
540 2101 584 2141 X,
608 2101 639 2136 3.
736 2103 773 2146 2>
797 2103 898 2136 Num.
923 2101 1050 2143 XVIII,
1073 2102 1106 2136 8.

338 2155 375 2198 ³)
399 2156 501 2188 Num.
526 2157 651 2199 XVIII,
674 2158 706 2193 8.
801 2159 838 2202 ⁴)
863 2158 952 2191 Edd.
976 2156 1134 2191 Merlini:
1160 2157 1287 2192 offerri.

337 2211 373 2252 ⁵)
397 2210 500 2244 Deut.
525 2213 661 2253 XXlII,
697 2215 726 2247 7.
749 2215 781 2250 8.
808 2234 850 2240 ——
875 2215 964 2247 Edd.
997 2214 1153 2248 Merlini:
1185 2213 1377 2248 introibunt

245 2256 419 2289 ecclesiam
444 2257 519 2289 Dei.
