1427 2460
222 106 293 141 340
706 101 883 135 Omenms

229 207 338 238 gressa
362 193 462 228 suerit
486 194 529 226 ad
555 191 707 237 requiem
731 204 844 232 suam,
872 192 908 225 id
933 200 998 232 est,
1032 192 1075 224 ad
1099 191 1245 236 patriam
1268 205 1362 227 suam

228 257 445 303 paradisum:
470 256 565 299 quod
589 255 652 287 sub
676 255 836 301 mysterio
862 253 996 287 intuens
1018 253 1187 298 propheta
1213 253 1365 288 dicebat:

231 327 451 359 „convertere
466 317 499 359 ¹)
524 315 636 349 anima
661 329 737 349 mea
760 316 795 349 in
823 315 976 360 requiem
1002 325 1114 355 tuam,
1139 314 1217 360 quia
1241 315 1365 358 Domi-

230 394 293 417 nus
317 376 488 413 benefecit
510 378 604 410 tibi.“
652 378 722 412 Sed
746 377 880 411 interim
904 378 1141 422 peregrinatur
1165 385 1197 409 et
1221 376 1287 419 agit
1303 377 1366 410 iter

231 452 264 476 et
289 440 426 475 conficit
450 440 662 479 mansiones,
697 439 845 472 utilitatis
870 439 944 473 sinc
969 439 1076 472 dubio
1103 437 1243 484 alicujus
1269 451 1366 472 causa

230 517 293 550 per
316 504 399 536 haec
425 501 492 535 Dei
515 501 799 546 promissionibus
824 501 1024 545 dispensata,
1049 499 1135 534 sicut
1159 509 1191 532 et
1215 501 1386 544 quodam'

231 564 310 599 loco
336 564 434 598 dicit:
471 561 644 606 „afssixi²)
675 571 724 603 te,
750 572 784 596 et
808 562 916 596 cibavi
950 572 984 596 te
1014 575 1139 595 manna
1162 563 1198 595 in
1224 562 1368 602 deserto,

232 627 326 672 quod
350 624 544 659 nescierunt
566 633 678 668 patres
702 624 769 665 tui,
793 634 831 657 ut
856 624 1127 667 dignosceretur,
1153 624 1236 669 quid
1261 633 1308 657 est
1330 624 1366 657 in
1394 647 1399 670 3

233 688 338 721 corde
361 696 432 720 tuo.
443 688 463 706 ‘⁶
509 686 595 719 Istae
620 699 698 728 ergo
725 687 919 720 mansiones
940 696 1027 726 sunt,
1052 686 1175 731 quibus
1194 686 1288 719 itere
1303 695 1369 718 ter-

233 750 278 783 ris
302 749 413 791 agitur
437 748 480 781 ad
505 749 652 796 coelum.
705 748 751 781 Et
776 748 850 793 quis
874 748 920 781 ita
943 747 1114 781 invenitur
1136 747 1300 788 idoneus,
1338 756 1369 780 et

233 811 429 845 divinorum
455 810 610 843 conscius
634 819 862 852 secretorum,-
898 810 958 855 qui
988 809 1093 855 possit
1125 809 1253 843 itineris
1275 808 1367 843 istius

235 882 267 906 et
298 870 528 906 adscensionis
559 872 693 905 animae
724 872 915 906 describere
946 872 1156 911 mansiones,
1192 880 1224 903 ct
1254 871 1394 917 unius—-

234 934 397 981 cujusque
421 932 492 966 loci
516 933 567 965 vel
591 934 725 967 labores
752 933 939 979 explicare,
975 934 1028 966 vel
1052 932 1211 978 requies?
1269 932 1369 976 Quo—
1392 930 1407 946 ⁵

233 995 342 1030 modo
368 994 459 1028 enim
484 1003 635 1033 enarret,
672 996 766 1040 quod
791 995 916 1040 post3)
947 994 1094 1039 primam
1126 1004 1158 1028 et
1186 995 1372 1030 secundam
1400 1015 1411 1042 ss

235 1068 267 1092 et
282 1057 414 1091 tertiam
431 1055 644 1089 mansionem
666 1056 866 1101 insequatur
887 1057 999 1089 adhuc
1020 1057 1168 1096 Pharao,
1188 1056 1372 1101 insequan-

234 1130 292 1153 tur
311 1118 477 1165 Aegyptii,
497 1126 528 1150 et
547 1118 626 1150 licet
642 1131 716 1150 non
736 1119 1040 1162 comprehendant,
1065 1127 1179 1151 tamen
1206 1118 1373 1151 insecten—
1403 1114 1407 1118 ¹

235 1181 343 1225 ποι-,4)
358 1190 390 1214 et
403 1179 480 1213 licet
496 1179 746 1218 submersisint,
757 1189 868 1213 tamen
886 1179 1026 1213 insecuti
1043 1178 1133 1212 sint?
1182 1177 1372 1229 Quomodo
1403 1217 1405 1224 Ι

237 1243 399 1282 enuntiet,
413 1242 508 1287 quod
525 1241 635 1275 salvus
649 1241 1120 1287 effectusDeipopulus,p0st
1132 1241 1263 1286 aliquot
1276 1255 1386 1275 man-·
1403 1230 1407 1237 .

237 1305 348 1339 siones
361 1303 512 1348 primum
527 1302 708 1336 cantaverit
722 1303 890 1336 canticum
901 1303 1016 1336 dicens
1028 1317 1035 1336 :
1047 1303 1285 1347 „cantemus⁵)
1297 1303 1374 1336 Do-
1387 1319 1401 1332 a

237 1366 345 1407 mino,
359 1366 506 1407 gloriose
526 1364 616 1397 enim
636 1364 926 1409 honorificatusss)
950 1374 1012 1398 est:
1033 1377 1160 1410 equum
1182 1374 1214 1398 et
1235 1366 1376 1397 adscen-

239 1440 352 1461 sorem
375 1424 522 1471 projecit
545 1426 579 1458 in
604 1425 752 1459 mare?“
800 1425 911 1470 Sed7)
937 1427 1037 1465 haec,
1061 1435 1098 1458 ut
1123 1425 1205 1466 dixi,
1231 1426 1289 1470 qui
1313 1439 1376 1470 per

239 1488 385 1532 singulas
409 1486 605 1520 mansiones
631 1487 756 1520 audeat
778 1487 922 1533 aperire,
947 1496 978 1521 et
1000 1500 1066 1532 pro
1087 1487 1377 1532 contemplatione

334 1678 370 1722 ι)
394 1677 519 1711 Psalm.
546 1676 670 1719 cxv1,
694 1679 725 1713 7.
750 1677 898 1724 (cxv.)

331 1734 370 1778 ²)
393 1734 496 1767 Deut.
520 1733 613 1773 VIII,
635 1735 667 1769 3.
691 1735 723 1768 2.
748 1734 825 1768 coll.
848 1733 956 1767 LXX,
981 1733 1131 1768 virorum
1155 1734 1321 1768 versione.

331 1787 371 1835 ³)
395 1789 483 1823 Cod.
507 1788 742 1824 Ebroicensis:
778 1790 937 1835 ‚‚prima,
961 1798 993 1823 et
1018 1791 1185 1830 secunda,
1217 1799 1250 1823 et
1278 1791 1375 1824 tertia

240 1836 454 1870 mansione.“
502 1834 591 1868 Cod.
614 1835 719 1869 sancti
743 1835 972 1868 Theoderici:
1018 1844 1123 1880 „post
1145 1835 1308 1881 primam,
1343 1845 1375 1869 et

239 1881 445 1920 secundam,
469 1890 502 1914 et
524 1879 657 1914 tertiam
676 1881 922 1915 mansionem.“
952 1892 964 1897 “
983 1880 1023 1912 In
1054 1881 1148 1914 libris
1181 1891 1279 1914 antea
1304 1881 1376 1916 edi-

241 1926 280 1960 tis
305 1926 354 1971 (v.
380 1939 408 1959 c.
433 1926 511 1959 edd.
536 1925 605 1970 Μ)
630 1926 842 1960 desideratur
864 1930 996 1970 „post,“
1023 1926 1062 1958 R.

334 1981 372 2026 ⁴)
395 1981 486 2016 Edd.
511 1981 670 2015 Merlini:
709 1981 884 2023 insectent,
908 1990 940 2015 et
963 2000 1007 2006 -—
1030 1981 1115 2023 sint,
1146 1990 1260 2015 tamen
1283 1982 1372 2016 inse-

242 2026 310 2060 cuti
333 2026 435 2060 sunt?
458 2025 499 2059 R.

336 2081 373 2125 5>
395 2080 505 2114 Exod.
529 2082 606 2122 xv,
630 2083 660 2116 1.

332 2137 371 2180 θ)
394 2137 475 2170 Mss.
505 2137 803 2177 ‚,honorificatus.“
827 2138 922 2172 Libri
946 2138 1025 2172 editi
1056 2139 1106 2184 (v.
1132 2153 1159 2173 c.
1186 2139 1262 2173 edd.
1287 2138 1368 2184 M.)

240 2181 504 2224 „glorificatusf‘
553 2182 593 2216 R.

334 2237 370 2282 ⁷)
394 2237 482 2270 Edd.
507 2237 663 2272 Merlini:
699 2238 769 2272 Sed
792 2239 860 2281 hic,
884 2249 921 2273 ut
944 2240 1021 2281 dixi,
1047 2239 1120 2285 quis
1132 2252 1195 2285 per
1218 2259 1260 2266 -—
1276 2253 1374 2274 man-

240 2282 402 2317 sionum?
448 2282 571 2316 Nescio
597 2292 656 2316 etc.
