1427 2460
336 70 371 93 m
395 60 572 92 Nummos
599 57 759 91 Humum
782 58 905 91 XVIII.
1118 59 1182 94 221

66 152 125 185 ait:
150 150 262 192 „veni‚
280 149 313 193 ¹)
339 146 514 181 consilium
533 146 594 179 tibi
611 147 703 179 do:‘⁴
727 134 886 192 tanquam
904 147 961 193 qui
977 160 1052 181 vere
1070 148 1185 190 vvidens

66 212 125 252 sit,
158 221 188 244 et
210 222 286 244 vere
316 207 458 242 audierit
485 209 586 241 verba
610 208 695 248 Dei,
725 208 809 242 sicut
838 210 873 242 in
905 209 1185 254 consequentibus

67 273 163 306 dicit:
187 270 335 314 „dixit²)
358 269 516 309 Balaam,
539 269 626 303 filius
650 269 753 310 Beor,
777 271 882 303 homo
906 284 983 304 vere
1005 270 1130 311 videns,
1153 280 1185 304 et

57 320 204 368 'audiens
225 343 395 366 sermones
420 330 503 370 Dei,
533 330 639 364 sciens
670 332 842 365 scientiam
868 332 1002 370 excelsi,
1035 342 1066 366 et
1088 332 1184 365 visio—

66 408 142 428 nem
165 392 231 426 Dei
255 391 369 424 videns
400 392 435 424 in
464 392 608 424 somnis:
639 392 774 425 revelati
809 394 897 426 oculi
924 392 1023 439 ejus-‘⁴
1068 396 1124 427 De
1147 394 1184 427 iis

65 454 221 488 omnibus
251 452 318 496 iam
350 452 503 497 superius
536 452 693 492 diximus,
732 453 808 498 quia
847 463 878 486 et
908 453 944 486 in
975 455 1184 499 praefatione

63 515 176 548 tertiae
198 513 397 559 prophetiae
428 515 545 547 eadem
578 514 700 558 scripta
723 524 811 548 sunt.
856 515 932 548 Hoc
965 529 1045 548 sane
1072 517 1183 549 solum

61 576 96 608 in
120 575 287 619 praesenti
311 575 442 608 videtur
466 575 637 615 additum,
662 577 755 620 quod
780 576 838 609 ait:
871 575 1054 620 „sciens³)
1077 577 1184 609 scien-

63 636 142 670 tiam
167 637 317 670 excelsi.“
363 637 439 669 Hoc
465 637 554 669 enim
578 637 613 669 in
637 636 867 681 superioribus
892 650 962 670 non
987 647 1035 670 est
1058 638 1184 670 diorum

64 700 107 732 de
118 698 276 732 Balaam:
302 698 395 742 quod
421 697 556 742 quidem
580 711 643 730 nec
665 699 762 732 facile
781 699 823 731 de
839 711 1012 742 quoquam
1031 700 1183 732 omnium

60 769 254 793 sanctorum
277 759 523 803 prophetarum
545 758 706 803 scriptum
734 772 802 792 esse
827 759 1046 804 deprehendi.

149 821 180 855 3.
216 820 318 853 Unde
342 829 374 852 et
398 820 494 852 valde
519 820 641 859 miror,
676 821 853 864 quomodo
885 821 952 854 hoc
977 822 1019 854 de
1042 821 1183 855 Balaam

60 881 223 927 scriptum
255 891 319 921 est,
350 881 404 914 cui
434 894 498 914 nec
522 881 588 914 hoc
620 894 817 914 concessum
851 891 897 916 est
929 881 1058 922 dicere,
1091 883 1185 927 quod

59 942 234 988 prophetis
257 955 324 976 esse
355 941 391 975 in
415 956 477 975 usu
499 942 601 976 solet:
632 942 742 982 „haec
775 942 855 976 dicit
879 943 1095 977 Dominus:“
1127 944 1186 976 sed

62 1005 124 1038 ait:
164 1004 274 1045 „dixit
291 1005 327 1048 ²²)
358 1003 514 1043 Balaam,
546 1003 626 1036 dixit
654 1004 760 1037 homo
792 1016 868 1037 vere
897 1004 1043 1037 videns.“
1095 1005 1186 1038 Turn

61 1066 186 1099 deinde
200 1074 238 1098 et
261 1065 438 1110 quomodo
464 1065 602 1105 dignum
627 1063 688 1097 erit
710 1073 841 1098 tantum
870 1064 958 1099 istud
981 1065 1121 1107 intelligi
1145 1067 1187 1099 de

61 1127 214 1166 Balaam,
235 1136 273 1159 ut
294 1126 376 1159 sciat
396 1124 568 1158 scientiam
593 1125 728 1158 excelsi:
753 1125 810 1170 qui
823 1126 923 1159 etiam
934 1126 1061 1159 Balach
1074 1138 1185 1168 regem

62 1187 225 1226 docuerit,
249 1188 427 1231 quomodo
451 1187 646 1220 scandalum
670 1186 817 1219 mitteret
841 1200 957 1220 coram
981 1188 1056 1220 filiis
1075 1188 1186 1228 Israel,

62 1258 100 1281 ut
130 1249 375 1281 manducarent
404 1247 600 1286 immolata,
626 1255 659 1279 et
689 1247 959 1281 fornicarentur?
1004 1248 1066 1281 Vix
1097 1248 1184 1282 enirn

63 1310 105 1342 de
128 1309 248 1342 sanctis
264 1308 456 1354 prophetis,
480 1318 537 1341 aut
550 1308 724 1353 Apostolis
741 1307 885 1341 inveniet
907 1309 1025 1353 aliquis
1050 1310 1185 1351 dictum,

63 1369 141 1414 quia
163 1370 269 1402 sciant
291 1368 462 1403 scientiam
488 1368 616 1401 excelsi.
663 1368 826 1412 Quamvis
849 1368 974 1402 Paulus
999 1370 1132 1411 dixerit,
1148 1372 1184 1415 ⁵)

62 1431 193 1465 audisse
225 1444 260 1464 se
290 1431 392 1464 verba
423 1429 679 1469 inenarrabilia,
717 1443 802 1473 quae
840 1443 912 1463 non
944 1431 1023 1464 licet
1054 1427 1185 1466 homini

62 1493 173 1537 loqui,
205 1501 318 1524 tamen
341 1505 413 1524 non
437 1501 485 1525 est
507 1493 694 1536 professuS,
724 1491 850 1524 habere
877 1504 911 1525 se
934 1492 1106 1525 scientiam
1131 1506 1184 1526 ex-

62 1553 148 1588 celsi.
183 1554 330 1599 Propter
350 1554 443 1597 quod
462 1552 648 1593 diligentius
663 1552 886 1593 intendamus,
900 1552 928 1586 si
941 1554 1029 1587 forte
1047 1553 1184 1596 dignum

63 1615 190 1659 aliquid
220 1614 320 1648 nobis
351 1615 445 1647 Deus
476 1626 577 1658 super
607 1613 675 1646 hoc
703 1626 859 1647 sermone
889 1615 1035 1647 revelare
1069 1615 1184 1657 digna-

61 1675 162 1709 bitur.
208 1676 249 1709 In
278 1676 385 1715 libro,
419 1674 477 1720 qui
505 1675 598 1719 apud
628 1687 689 1708 nos
721 1674 858 1719 quidem
873 1677 969 1708 ,inter
992 1676 1185 1710 Salomonis

62 1736 234 1770 volumina
258 1737 374 1770 haberi
397 1737 492 1775 solet,
515 1745 548 1768 et
562 1735 812 1769 Ecclesiasticus
830 1736 906 1775 dici,
931 1738 1020 1780 apud
1037 1736 1184 1770 Graecos

63 1812 142 1831 vero
166 1797 327 1842 sapientia
351 1798 432 1831 Jesu
461 1797 521 1830 filii
546 1797 665 1830 Sirach
697 1797 903 1841 appellatur,
935 1799 1094 1842 scriptum
1120 1807 1183 1832 est:

63 1860 192 1901 „omnis
206 1859 242 1904 6)
265 1859 426 1904 sapientia
449 1871 467 1891 a
487 1858 564 1890 Deo
590 1862 666 1891 est-‘⁶
713 1857 819 1901 Quod
842 1860 982 1892 fortasse
1005 1873 1183 1903 possumus

63 1922 108 1955 ita
142 1921 344 1963 intelligere,
378 1921 471 1965 quasi
501 1932 519 1952 a
543 1919 620 1951 Deo
652 1918 694 1952 sit
725 1927 757 1951 et
785 1919 842 1953 illa
872 1920 1033 1965 sapientia
1063 1920 1179 1954 mundi

158 2055 191 2098 ¹)
216 2056 318 2088 Num.
343 2050 470 2094 XXIV,
495 2053 547 2087 14,
688 2053 724 2098 ²)
747 2054 849 2086 Num.
873 2054 1000 2094 XXIV,
1023 2054 1077 2088 15.
1101 2053 1148 2091 16,

153 2111 190 2154 3)
214 2110 316 2142 Num.
339 2108 466 2149 XXIV,
489 2109 541 2143 16.
679 2108 715 2152 ⁴)
738 2109 840 2143 Num.
863 2110 989 2150 XXIV,
1012 2110 1064 2144 15.

153 2165 189 2208 ⁵)
215 2164 285 2198 Cfr.
309 2164 340 2196 II
366 2164 445 2197 Cor.
467 2164 552 2205 XII,
575 2167 604 2199 4.

152 2220 189 2264 ⁶)
213 2220 293 2266 Sap.
318 2220 444 2254 Sirach.
460 2220 492 2261 l,
515 2221 545 2254 1.
569 2219 828 2266 (Ecclesiastic.)
