1427 2460
215 25 282 61 224
694 24 869 60 Omczms

216 116 331 150 amicis
355 115 443 162 ejus,
472 128 557 160 quos
579 115 905 149 Nabuchodonosor
936 127 993 147 rex
1016 114 1124 147 tribus
1149 114 1246 148 annis
1268 128 1346 150 eru·

215 178 360 212 diendos
392 176 546 216 tradidit,
581 177 697 210 volens
734 190 792 210 eos
823 176 858 210 in
894 189 971 216 sua,
1004 176 1042 209 id
1077 186 1141 216 est,
1175 175 1284 220 patria
1313 186 1346 211 et

215 239 494 284 Babyloniorum
516 237 679 282 sapientia
703 238 940 272 scientissimos
964 237 1048 271 fieri.
1086 236 1140 269 Ibi
1163 249 1243 279 ergo
1266 236 1348 270 seri-

216 311 313 346 ptum
338 310 403 340 est,
437 299 515 345 quia
546 298 712 342 „dedit¹)
736 299 776 333 iis
800 298 972 332 Dominus
996 298 1170 333 scientiam
1194 308 1227 332 et
1246 298 1349 332 intel-

216 364 339 395 lectum
365 371 397 394 et
420 361 636 406 prudentiam
659 361 695 393 in
714 360 809 394 omni
827 370 899 394 arte
914 361 1140 403 grammatica,
1165 370 1198 393 et
1212 359 1349 393 Danieli

217 423 312 457 dedit
333 424 542 456 intellectum
564 422 599 454 in
627 423 721 456 omni
745 422 869 463 verbo,
900 431 932 455 et
954 423 1101 465 visione,
1135 431 1169 456 et
1190 420 1348 456 somniis:

218 494 249 518 et
268 494 367 529 lerant
391 484 483 528 apud
508 497 637 526 regem:
670 494 702 517 et
725 485 760 517 in
787 483 881 517 omni
905 485 1009 517 verbo
1035 493 1070 517 et
1092 485 1291 529 prudentia,
1316 492 1348 517 et

218 546 410 590 disciplina,
443 545 478 578 in
504 546 762 591 quibuscunque
787 545 949 590 quaesivit
979 546 1021 579 ab
1053 545 1092 579 iis
1115 559 1190 585 rex,
1220 544 1349 578 invenit

218 621 275 641 eos
300 608 446 652 decuplo
471 608 635 652 amplius,
659 621 760 652 quarn
787 615 883 640 erant
905 607 1074 652 sophistae
1095 616 1127 640 et
1141 605 1350 652 philosophi,
1394 621 1397 634 ε

219 669 277 714 qui
300 678 395 701 crant
417 668 452 701 in
478 668 572 702 omni
596 682 700 712 regno
725 668 829 715 ejus.“
863 668 909 701 Et
923 668 1006 701 haec
1027 668 1164 713 quidem
1182 667 1217 701 in
1236 680 1347 701 exem-

216 731 367 776 plaribus
384 730 592 775 septuaginta
611 731 833 775 interpretum
851 730 1035 763 habentur:
1060 729 1095 762 in
1109 729 1348 762 Hebraeorum

216 806 296 826 vero
323 791 508 825 Codicibus
534 791 664 836 aliquid
688 791 786 824 etiam
809 791 1040 825 vehementius
1064 790 1194 836 reperi,
1224 789 1346 835 quibus

217 853 368 899 quamvis
397 867 467 887 non
500 863 654 893 utamur,
683 862 799 886 tamen
823 854 1028 896 agnoscendi
1059 853 1162 896 gratia
1186 852 1346 893 dicemus,

218 917 318 950 etiarn
336 916 385 950 ibi
402 929 489 961 quae
502 916 661 957 legimus:
686 914 818 956 „dedit,
832 915 869 959 ²)
893 915 1012 959 inquit,
1028 915 1122 948 Deus
1137 914 1347 947 intellectum

217 987 250 1010 et
272 976 489 1022 prudentiam
513 977 548 1010 in
581 977 674 1010 omni
707 977 922 1020 grammatica
952 975 1134 1021 sapientia,
1166 985 1198 1010 et
1220 975 1346 1008 Daniel

215 1040 377 1073 intellexit
404 1040 440 1073 in
471 1039 565 1072 omni
600 1039 743 1078 visione,
775 1048 807 1071 et
838 1037 1009 1071 somniis.“
1053 1037 1100 1071 Et
1121 1047 1198 1083 post
1220 1048 1347 1083 pauca:

217 1110 270 1141 „et
283 1100 320 1145 3)
345 1109 527 1139 steterunt,
558 1099 686 1144 inquit,
717 1100 751 1133 in
778 1109 962 1144 conspectu
992 1099 1093 1141 regis:
1125 1108 1157 1132 et
1191 1099 1228 1131 in
1252 1097 1348 1143 omni

215 1163 320 1195 verbo
348 1161 549 1207 sapientiae,
583 1170 614 1193 et
644 1160 858 1206 disciplinae,
887 1162 922 1194 in
955 1174 1023 1206 quo
1053 1160 1214 1206 quaesivit
1242 1160 1285 1192 ab
1307 1160 1347 1194 iis

215 1237 291 1264 rex,
318 1223 446 1257 invenit
475 1222 510 1255 in
541 1222 581 1256 iis
611 1223 758 1268 decuplo
789 1236 891 1269 super
924 1236 1042 1256 omnes
1064 1222 1291 1256 incantatores
1316 1230 1348 1255 et

213 1299 347 1328 magos,
370 1285 428 1330 qui
452 1293 548 1318 erant
571 1284 606 1317 in
632 1284 726 1318 omni
751 1297 855 1326 regno
881 1284 984 1331 ejus.“
1016 1286 1066 1318 Ex
1083 1284 1122 1318 iis
1139 1297 1218 1327 ergo
1235 1283 1347 1317 omni-

214 1349 278 1381 bus
301 1356 412 1392 potest
436 1345 590 1388 intelligi,
612 1348 789 1391 quomodo
815 1355 847 1378 et
869 1345 1011 1378 Balaam
1035 1344 1155 1378 dixerit
1177 1346 1220 1378 de
1242 1353 1347 1378 semet

214 1410 307 1454 ipso:
340 1407 425 1452 „qui
439 1407 476 1451 ¹²)
499 1407 560 1440 scit
582 1407 754 1441 scientiam
780 1407 942 1440 excelsi:“
971 1407 1096 1441 scilicet
1119 1416 1158 1440 ut
1179 1393 1344 1450 intelliga-

215 1480 287 1510 tur,
316 1470 410 1514 quod
436 1467 531 1511 origo
556 1467 658 1502 totius
691 1468 850 1502 scientiae
882 1470 924 1502 ab
948 1470 1023 1514 ipso
1055 1467 1224 1513 acceperit
1246 1482 1344 1502 exor-

215 1531 328 1571 dium,
352 1530 430 1564 vitio
457 1539 569 1564 autem
594 1530 766 1563 humanae
788 1530 952 1571 malitiae,
987 1529 1237 1576 adspirantibus
1253 1529 1289 1575 ⁵)
1314 1539 1346 1563 et

213 1593 477 1638 subripientibus
501 1592 600 1624 etiam
626 1592 860 1632 daemonibus,
883 1591 918 1625 in
943 1592 1128 1637 perniciem
1153 1605 1246 1626 versa
1269 1592 1345 1633 sint,

215 1667 302 1700 quae
341 1667 404 1699 pro
441 1652 584 1686 utilitate
618 1666 776 1687 concessa
812 1663 897 1688 sunt.
945 1653 1040 1688 Haec
1072 1655 1115 1687 de
1151 1667 1212 1695 eo,
1248 1655 1344 1699 quod

214 1716 313 1749 dixit:
344 1714 470 1756 „sciens
485 1715 523 1760 θ’)
552 1714 726 1749 scientiam
760 1715 923 1749 excelsi:“
957 1729 975 1749 a
1004 1716 1105 1750 nobis
1127 1729 1192 1762 pro
1218 1715 1343 1750 viribus

213 1779 358 1812 discussa
386 1777 461 1811 sint.

302 1841 333 1873 4.
359 1839 441 1872 Post
464 1839 547 1872 haec
571 1838 632 1872 ait:
656 1838 892 1882 „visionem⁷)
918 1839 983 1873 Dei
1007 1839 1122 1874 videns
1145 1840 1181 1875 in
1204 1840 1342 1882 somnis,

213 1901 347 1934 rexelati
373 1900 464 1934 oculi
494 1900 595 1947 ejus.“
640 1902 695 1934 De
723 1901 762 1934 iis
792 1901 998 1935 sufficienter
1028 1904 1064 1936 in
1093 1903 1189 1936 tertia
1214 1902 1342 1936 visione

305 2035 339 2080 ι>
364 2035 499 2069 Daniel.
519 2036 549 2075 l,
574 2038 625 2070 17.
651 2037 702 2071 19.
726 2037 778 2071 20.
896 2037 933 2081 ²)
959 2036 1090 2070 Daniel.
1115 2036 1149 2077 I,
1174 2038 1227 2075 17.

301 2090 338 2133 ³)
364 2090 498 2126 Daniel.
525 2092 555 2131 I,
580 2093 632 2127 19.
656 2095 710 2127 20.
832 2093 868 2137 ²²)
892 2095 995 2126 Num.
1019 2093 1149 2133 XXIV,
1172 2093 1226 2127 16.

302 2147 338 2188 ⁵)
362 2148 451 2180 Edd.
477 2148 615 2182 Merlini
637 2163 835 2196 perperam:
870 2149 1127 2193 abspirantihus.

300 2200 338 2239 ⁵)
360 2204 460 2237 Num.
485 2205 615 2245 XXIV,
641 2207 691 2240 16.
832 2207 868 2249 ⁷)
892 2207 994 2239 Num.
1018 2206 1147 2244 XXIV,
1171 2205 1222 2239 16.
