1427 2460
244 73 311 108 124
511 74 689 108 Ome-‚ems
717 83 755 108 m
778 74 875 108 Num.
900 73 1062 109 Homm
1073 75 1132 110 XI.

243 164 291 198 tio
323 163 503 209 spiritualis
530 173 578 197 est
602 164 679 205 illa,
713 177 814 209 quam
844 165 1004 207 legimus:
1043 165 1207 206 „immola
1221 166 1257 212 ¹)
1294 167 1373 201 Deo

239 225 442 260 sacrificium
465 225 586 265 laudis,
610 235 641 258 et
664 226 770 259 redde
792 226 952 261 altissimo
976 236 1054 261 vo⁴a
1077 232 1165 262 tua.“
1218 227 1374 262 Laudare

240 299 320 329 ergo
348 287 475 327 Deum,
499 296 533 320 et
554 297 632 320 vota
656 286 819 321 orationis
845 289 982 329 offerre,
1003 288 1183 323 immolare
1205 298 1254 323 est
1281 290 1372 324 Deo.

240 349 309 382 Sed
333 347 434 394 hujus
457 348 702 382 immolationis
724 350 894 394 primitiae
923 351 971 384 ita
1000 364 1063 396 per
1089 350 1287 397 pontificem
1318 353 1371 384 of-

238 411 402 451 ferentur,
423 410 450 444 si
473 424 547 444 non
568 412 681 444 solum
705 411 814 445 verbis
839 421 871 445 et
894 425 988 453 voce,
1009 414 1069 447 sed
1099 422 1133 447 et
1156 422 1270 446 mente
1293 425 1372 446 ore-

235 485 313 506 mus
337 481 370 505 et
394 473 515 506 corde:
538 474 727 506 secundum
746 475 842 519 quod
866 483 897 507 et
912 475 1099 519 Apostolus
1114 483 1248 508 monet:
1271 487 1372 514 „ora-

236 535 284 568 bo
299 533 336 578 2)
367 534 504 578 spiritu,
537 536 645 569 orabo
680 545 711 569 et
741 546 873 569 mente:
905 538 1074 581 psalmum
1105 537 1216 570 dicam
1239 536 1370 581 spiritu,

235 597 407 641 psalmum
431 595 541 629 dicam
567 606 599 630 et
621 602 769 631 mente.“
823 598 988 631 Assisrunt
1018 598 1109 632 enim
1134 607 1168 632 et
1189 611 1282 631 nunc
1307 611 1369 631 an-

237 658 302 701 geli
324 657 393 691 Dei
417 658 563 692 cultores
589 667 621 691 et
650 658 819 700 agricolae
845 659 955 694 cordis
978 660 1097 702 nostri,
1120 669 1154 694 et
1175 659 1365 705 requirunt,

233 721 262 754 si
285 720 390 754 est⁴in
417 721 532 766 aliquo
556 729 711 754 nostrum
735 720 973 766 hujuscemodi
1003 736 1100 755 mens
1124 731 1194 755 tam
1215 719 1369 761 sollicita,

231 791 302 815 tam
324 782 472 822 intenta,
493 795 581 827 quae
603 783 745 815 verbum
779 783 847 816 Dei
880 793 1039 828 tanquam
1069 797 1184 817 semen
1214 783 1368 817 divinum

231 854 303 878 tota
327 844 486 878 aviditate
506 844 699 888 susceperit,
722 844 749 877 si
773 846 920 878 fructum
944 845 1075 886 statim,
1108 854 1146 879 ut
1169 845 1212 878 ad
1237 845 1368 878 oratio-

233 920 311 940 nem
335 907 512 948 surgimus,
535 907 730 946 ostenderit,
752 906 788 939 id
814 910 880 945 est,
903 907 930 940 si
954 907 1103 940 collectis
1126 916 1158 939 et
1182 919 1365 949 congrega-

231 967 271 1002 tis
293 967 379 1001 intra
403 982 438 1002 se
460 969 613 1002 sensibus
638 978 712 1002 oret
743 968 877 1008 Deum,
907 969 934 1002 si
965 981 1037 1001 non
1062 977 1218 1010 evagetur
1239 977 1363 1010 mente,

231 1040 264 1063 et
288 1030 549 1071 cogitationibus
574 1031 693 1070 evolet,
716 1031 761 1064 ita
785 1040 823 1063 ut
840 1043 987 1075 corpore
1001 1029 1140 1075 quidem
1157 1029 1191 1063 in
1207 1029 1363 1063 oratione

230 1101 396 1132 curvetur,
418 1092 571 1126 sensibus
598 1102 711 1126 autem
742 1105 805 1137 per
828 1092 957 1125 diversa
987 1092 1160 1126 discurrat.
1218 1091 1255 1124 Si
1279 1091 1365 1136 quis,

229 1153 382 1198 inquam,
402 1153 566 1188 intentam
593 1164 624 1187 et
646 1155 807 1187 directam
820 1153 959 1186 senserit
972 1153 1241 1187 obsecrationem
1255 1166 1363 1193 suam,

230 1225 263 1248 et
286 1215 365 1260 ipsis
390 1214 456 1248 Dei
481 1216 728 1260 conspectibus,
752 1225 854 1260 atque
877 1214 1042 1248 ineffabili
1063 1214 1113 1247 illi
1124 1213 1162 1260 ³)
1180 1213 1304 1248 lumini
1325 1227 1362 1247 se

226 1277 427 1311 intellexerit
449 1277 666 1317 assistentem,
691 1276 808 1322 ibique
832 1275 1022 1317 orationes,
1044 1285 1076 1310 et
1098 1276 1362 1317 obsecrationes,

227 1339 560 1384 postulationesque,
593 1348 625 1372 et
657 1338 840 1380 gratiarum
873 1337 1020 1371 actiones
1049 1350 1124 1371 suas
1154 1338 1359 1382 profuderit,

226 1401 351 1434 nullius
376 1401 578 1434 extrinsecus
601 1400 797 1445 phantasiae
820 1399 1017 1432 sollicitatus
1046 1398 1207 1440 imagine:
1244 1398 1299 1431 hic
1322 1411 1358 1432 se

226 1463 358 1496 noverit
375 1476 437 1508 per
461 1463 629 1503 angelum,
655 1460 712 1505 qui
737 1460 854 1494 assistit
877 1460 988 1500 altari,
1013 1460 1174 1494 obtulisse
1196 1458 1355 1493 immola-

223 1525 324 1558 tionis
348 1539 428 1559 suae
451 1524 613 1570 primitias
634 1523 790 1568 pontifici
813 1536 937 1565 magno
963 1531 995 1554 et
1010 1535 1101 1563 vero,
1127 1521 1260 1555 Christo
1273 1522 1355 1555 Jesu

225 1587 380 1620 Domino
405 1596 543 1620 nostro:
577 1585 632 1618 cui
656 1595 701 1619 cst
725 1584 851 1628 gloria,
882 1594 914 1618 et
944 1583 1126 1629 imperium
1157 1583 1194 1617 in
1222 1583 1355 1618 saecula

224 1649 448 1682 saeculorum.
495 1650 605 1682 Amen
619 1647 626 1680 l

319 1806 352 1849 ¹)
376 1805 501 1841 Psalm.
524 1807 561 1845 L,
583 1807 635 1839 14.
660 1802 824 1849 (XLIX.)

313 1863 350 1906 2>
375 1862 390 1894 Ι
416 1862 495 1896 Cor.
520 1862 613 1901 XIV,
638 1862 690 1896 15.

315 1918 352 1963 ³>
376 1918 481 1953 Deest
505 1917 596 1960 „illi“
617 1917 654 1951 in
678 1918 748 1951 sola
774 1918 824 1950 ed.
850 1916 966 1949 Ruaei.
