1427 2460
152 79 214 102 ‘4111
578 78 854 104 PROLEGOMENA.

154 156 312 193 Genesin
347 162 485 202 quaest.
508 159 564 194 20.
603 169 649 193 ex
687 159 846 204 Origene
885 159 973 193 citat
1009 156 1279 204 expositionem

151 229 278 254 versus
301 220 355 255 26.
381 230 459 265 cap.
486 222 516 254 1.
541 221 746 255 Geneseos:
783 220 984 264 „faciamus
1020 220 1206 254 hominem
1237 221 1284 255 ad

151 281 344 326 imaginem
369 285 406 315 et
437 280 709 316 similitudinem
740 286 946 318 nostram:“
983 286 1019 317 et
1043 285 1188 317 sanctus
1211 281 1284 316 Eu-

153 343 327 386 stathius,
358 343 396 377 in
426 343 685 394 dissert-atione
711 345 756 379 de
779 344 1077 390 Engastrimytho
1110 344 1284 378 adversus

154 404 368 450 Origenem,
408 404 532 439 locum
564 406 643 450 ejus
683 406 728 440 de
762 407 936 452 paradiso
973 405 1140 448 exhibet,
1179 415 1314 453 quem¹

151 465 257 500 valde
279 467 472 513 vituperat.
530 467 666 502 Verum
691 477 736 502 an
761 468 831 502 duo
864 469 956 503 haec
988 468 1190 512 fragmenta
1213 467 1287 501 To-

150 538 295 562 morum
318 540 405 575 pars
429 529 580 573 suerint,
604 532 733 564 neuter
757 529 980 576 significavit.
1034 528 1117 564 Alia
1138 529 1288 574 insuper

152 588 189 622 in
219 590 307 624 Mss.
357 591 583 625 Graecorum
617 591 767 636 Patrum
795 591 834 625 in
858 591 1017 626 Genesin
1039 589 1178 625 catenis
1204 589 1289 624 Ori-

153 651 253 696 genis
283 652 430 687 nomine
469 652 788 695 circumferuntur,
831 663 924 696 quae
956 651 1110 686 editioni
1140 662 1287 697 quoque

151 716 300 747 nostrae
314 714 506 749 inserenda
524 726 606 749 esse
623 715 802 757 duximus,
820 713 1053 760 praemonito
1069 713 1129 748 hic
1145 713 1288 748 lectore

149 772 267 808 levem
291 785 545 821 nonnunquam
560 788 641 811 esse
658 781 867 811 catenarum
890 775 1008 818 fidem,
1034 776 1172 821 quippe
1197 785 1290 820 quae

150 845 262 881 saepe
279 840 470 871 auctorum
482 839 631 872 nomina
653 838 911 884 permisceant,
938 842 975 871 et
999 836 1098 871 aliud
1120 847 1190 882 pro
1215 835 1288 871 alio

150 891 379 939 adscribant3
412 903 447 933 et
476 904 673 945 praeterea
703 893 882 934 incertum
909 910 1009 942 esse,
1041 899 1137 933 unde
1162 897 1291 943 Orige-

150 957 280 993 nianae
304 960 488 1004 ejusmodi
513 962 706 1008 symbolae
731 963 768 996 in
793 961 951 996 Genesin
977 960 1115 1007 petitae
1140 959 1222 1002 sint,
1247 969 1293 994 an

150 1029 170 1053 e
194 1020 333 1064 Tomis,
359 1033 404 1056 an
429 1033 449 1057 e
474 1024 637 1067 scholiis,
663 1035 709 1059 an
735 1034 780 1058 ex
804 1023 978 1065 homiliis,
1004 1033 1049 1057 an
1073 1021 1228 1067 denique
1247 1030 1294 1055 ex

150 1080 233 1116 aliis
259 1083 338 1127 ejus
370 1084 407 1118 in
442 1085 608 1120 diversos
634 1086 848 1132 Scripturae
879 1094 1008 1119 sacrae
1039 1084 1159 1118 libros
1184 1083 1294 1117 Com-

150 1144 352 1179 mentariis.
402 1145 512 1180 Certe
538 1157 584 1181 ex
607 1151 664 1182 tot
688 1147 911 1193 fragmentis,
938 1157 1030 1191 quae
1055 1148 1207 1180 catenae
1231 1136 1295 1179 ei(-

150 1202 296 1247 hibent,
331 1206 394 1240 vix
419 1208 490 1241 duo
517 1211 578 1242 aut
611 1208 683 1242 tria
716 1208 964 1255 comperimus
991 1208 1036 1241 ad
1061 1206 1236 1241 homilias
1258 1206 1296 1240 in

156 1265 316 1303 Genesin
337 1268 535 1314 pertinere.

244 1329 304 1363 IV.
350 1330 598 1376 Hieronymus
622 1332 727 1366 Tom.
743 1332 802 1365 IV.
826 1341 944 1365 novae
969 1329 1143 1364 editionis
1168 1329 1297 1372 Classe

156 1390 265 1424 tertia
289 1391 404 1437 Epist.
428 1403 508 1437 pag.
527 1395 604 1429 430.
628 1393 828 1430 indiculum
851 1396 981 1427 texens
1004 1391 1187 1426 librorum
1212 1392 1298 1426 Ori-

155 1452 277 1497 genis,
307 1453 361 1488 sic
395 1453 554 1488 orditur:
587 1455 769 1501 „scripsit
791 1455 829 1489 in
855 1453 1013 1489 Genesin
1036 1453 1155 1488 libros
1179 1454 1300 1488 trede-

157 1513 246 1547 cim:
282 1515 521 1560 mysticarum
553 1515 789 1551 homiliarum
819 1515 938 1550 libros
965 1516 1073 1550 duos:
1104 1515 1143 1549 in
1165 1515 1297 1550 Exodo

156 1580 343 1622 excerpta,
365 1577 403 1611 in
425 1578 588 1613 Levitico
616 1581 827 1624 excerpta.“
873 1577 1020 1612 Isthaee
1045 1577 1162 1612 series
1185 1575 1301 1611 mani-

155 1635 249 1671 feste
278 1637 417 1674 indicat
452 1640 498 1674 ad
531 1640 691 1677 Genesin
726 1639 950 1686 pertinuisse
981 1639 1157 1685 mysticas
1188 1639 1301 1674 hasce

158 1698 348 1743 homilias;
394 1711 462 1735 nee
498 1701 572 1736 alio
611 1712 721 1736 sensu
752 1701 969 1747 Hieronymi
997 1701 1123 1736 locum
1155 1700 1301 1746 aceepit

157 1760 282 1796 Sixtus
307 1752 481 1799 Senensis
504 1764 567 1798 lib.
584 1764 642 1798 IV.
666 1774 747 1810 pag.
772 1764 868 1806 352,
903 1763 968 1798 ubi
993 1763 1104 1798 etiam
1129 1762 1302 1809 opinatur

156 1824 431 1868 septemdecim,
456 1836 548 1871 quae
572 1824 684 1859 hodie
707 1825 819 1860 latine
845 1827 990 1859 exstant
1013 1824 1051 1859 in
1077 1823 1300 1859 editionibus

157 1882 305 1919 Merlini
328 1890 367 1921 et.
391 1887 636 1930 Genebrardi,
672 1887 818 1921 illarum
841 1890 987 1932 partem
1013 1886 1136 1920 fuisse.
1183 1883 1302 1928 „Huic

158 1953 238 1988 ego,
262 1944 381 1991 inquit
404 1949 569 1991 Huefius,
593 1950 805 1994 neutiquam
831 1947 1003 1984 assentiri
1026 1954 1202 1992 possum:
1233 1945 1300 1979 ho-

156 2005 281 2040 miliae
307 2008 414 2051 enim,
439 2020 528 2054 quas
552 2009 740 2052 habemus,
767 2021 813 2044 ex
836 2013 1005 2055 tempore
1023 2007 1192 2041 videntur
1214 2017 1302 2052 pro-

156 2067 364 2112 nuntiatae,
389 2074 424 2105 et
449 2072 494 2106 ab
521 2070 695 2106 actuariis
720 2071 756 2105 in
780 2071 908 2106 literas
931 2069 1090 2111 relatae3
1121 2067 1302 2114 mysticae

156 2138 246 2164 vero
291 2131 466 2168 meditate
504 2143 571 2179 per
603 2132 718 2167 otium
750 2133 964 2168 elaboratae
995 2134 1032 2165 et
1062 2131 1108 2166 ab
1141 2130 1301 2175 Origene

157 2188 242 2236 ipso
269 2192 390 2228 editae
415 2198 531 2229 sunt.“
596 2195 677 2231 Non
703 2195 871 2240 equidem
902 2193 1033 2228 infitias
1056 2192 1186 2228 iverim
1210 2191 1302 2226 alias

157 2263 225 2297 per
264 2254 378 2290 otium
419 2256 593 2291 meditate
626 2257 839 2293 elaborasse
873 2256 1088 2301 miggenem,
1133 2253 1223 2290 alias
1257 2263 1302 2287 ex
