1427 2460
209 39 277 73 204
691 36 869 71 ommis

209 129 274 162 bus
308 128 357 161 uti
388 128 431 161 ad
466 126 741 161 maledicendum
776 129 924 168 solebat,
963 127 1075 172 potuit
1104 140 1141 160 ex
1172 126 1222 162 his
1244 127 1341 162 intel-

209 190 342 229 lexisse,
376 189 454 233 quia
486 190 618 222 bonum
649 199 731 222 esset
763 190 798 222 in
831 198 1015 234 conspectu
1049 189 1194 222 Domini
1235 190 1337 223 bene-

211 252 324 285 dicere
356 251 469 284 Israel.
526 249 600 292 Ego
627 260 741 284 tamen
773 251 877 293 magis
913 250 1000 284 illud
1034 249 1204 292 intelligo,
1245 252 1340 296 quod

209 312 359 358 populus
383 311 458 352 ille,
497 312 555 357 qui
579 326 671 345 nunc
695 326 801 346 vanus
826 321 890 352 est,
933 322 964 346 et
990 310 1039 344 illi
1065 314 1242 351 doctores,
1283 312 1341 357 qui

211 372 346 406 Christo
371 385 443 405 non
468 375 641 408 credentes
664 374 701 407 in
724 375 869 407 vanitate
892 375 1061 419 populum
1085 373 1256 415 detinent,
1281 372 1340 406 ali-

210 435 351 480 quando
380 434 482 468 visuri
511 444 605 475 sunt,
640 436 677 469 id
701 445 765 477 est,
803 438 837 470 in
862 436 1050 469 novissimis
1085 436 1222 476 diebus,
1263 447 1340 468 cum

207 496 387 542 plenitudo
413 496 561 539 gentium
586 497 771 537 introierit,
807 507 839 531 et
863 497 972 531 omnis
998 497 1099 530 lsrael
1122 497 1236 529 venire
1260 509 1341 529 coe—

206 558 298 604 perit
323 559 363 591 ad
388 558 491 591 fidem
519 558 653 599 Christi,
679 559 739 599 illi,
763 559 913 603 inquam,
939 559 996 602 qui
1018 571 1110 591 nunc
1136 560 1254 591 oculos
1279 559 1338 590 ha·

206 621 326 653 bentes
342 633 414 653 non
438 620 571 660 vident,
597 631 677 654 tunc
700 621 874 654 videbunt.
920 620 1112 652 Elevabunt
1141 619 1231 652 enim
1258 633 1340 653 ocu—

207 682 259 716 los
283 695 361 715 suos
385 682 428 715 ad
454 682 590 715 altiores
614 693 646 715 et
669 683 859 727 spirituales
882 695 1013 721 sensus,
1044 691 1075 714 et
1098 681 1278 721 videbunt,
1309 691 1342 714 et

207 743 413 786 intelligent,
451 743 528 788 quia
559 745 691 778 bonum
723 755 770 778 est
799 746 833 778 in
860 754 1044 789 conspectu
1066 743 1211 776 Domini
1234 744 1339 776 bene—

207 806 323 839 dicere
346 807 556 850 spiritualem
580 806 692 840 Israel.
739 807 914 840 Videbunt
937 805 1025 838 enim
1038 819 1119 838 eum
1136 805 1337 850 dispositum

205 880 270 913 per
292 867 409 908 tribus,
434 877 465 900 et
487 881 549 912 per
573 869 706 907 domos,
732 878 762 901 et
786 882 848 913 per
871 867 1030 907 familias,
1056 877 1089 900 et
1110 880 1339 911 unumquem-

206 928 332 973 quein
356 942 418 962 suo
450 929 572 963 ordine
604 929 857 964 resurrectionis
886 930 1026 971 gloriam
1052 930 1275 974 adepturum.
1307 936 1339 961 et

204 990 358 1023 adsumta
396 991 561 1034 parabola
592 1005 650 1025 sua
683 992 932 1035 intelligent‚¹)
976 1004 1062 1035 quae
1093 990 1127 1023 in
1165 988 1338 1035 parabolis

202 1050 326 1095 scripta
351 1060 447 1084 sunt:
473 1065 560 1096 quae
582 1066 674 1086 nunc
696 1063 840 1098 propter
861 1054 1032 1092 velamen,
1070 1052 1163 1098 quod
1188 1051 1336 1095 positum

204 1121 253 1145 est
283 1125 385 1156 super
416 1126 476 1145 cor
509 1126 646 1154 eorum,
677 1127 788 1158 neque
819 1114 949 1154 vident,
986 1126 1099 1158 neque
1136 1112 1337 1153 intelligunt.

204 1173 382 1218 Denique:
422 1187 516 1215 „non
528 1174 564 1219 ²)
590 1175 689 1216 abiit,
728 1175 856 1221 inquit,
882 1189 920 1208 ex
952 1189 1050 1208 more
1079 1174 1114 1207 in
1155 1186 1334 1207 occursum

204 1235 398 1280 auspiciis.“
457 1237 537 1269 Non
570 1237 660 1270 enim
686 1251 783 1271 more
806 1238 868 1271 sibi
893 1237 1012 1277 solito,
1042 1237 1148 1270 stultis
1175 1244 1206 1269 et
1228 1234 1339 1268 inani-

202 1298 316 1341 mis³)
340 1299 492 1332 sensibus
515 1299 685 1343 rapietur,
716 1300 750 1332 in
764 1299 799 1342 4)
825 1298 1028 1333 animalibus
1053 1297 1153 1331 mutis
1177 1306 1209 1330 et
1232 1310 1337 1341 pecu-

204 1359 304 1392 dibus
327 1358 395 1392 Dei
427 1359 646 1394 considerans
669 1361 895 1400 voluntatem,
933 1360 1018 1392 sicut
1040 1359 1082 1399 ii,
1122 1360 1187 1403 qui.
1205 1372 1243 1391 ex
1266 1357 1335 1391 istis

202 1420 325 1454 talibus
349 1420 496 1465 auspicia
530 1422 708 1464 colligunt:
741 1424 799 1455 sed
825 1430 982 1463 agnoscet
1007 1421 1105 1454 etiam
1130 1421 1220 1465 ipse,
1256 1419 1334 1464 quia

203 1495 316 1527 neque
351 1483 393 1515 de
428 1483 539 1517 bobus
573 1497 651 1517 cura
678 1493 726 1517 est
750 1484 844 1522 Deo,
886 1483 1038 1516 similiter
1061 1495 1172 1526 neque
1197 1482 1239 1514 de
1264 1481 1334 1514 ovi-

202 1546 286 1584 hus,
307 1557 420 1588 neque
445 1546 487 1578 de
511 1546 643 1585 avibus,
668 1545 807 1590 aliisque
832 1544 1043 1583 animalibus,
1067 1544 1126 1577 sed
1149 1544 1175 1576 si
1200 1556 1266 1588 qua
1292 1543 1334 1576 de

202 1606 256 1640 his
280 1606 403 1651 scripta
428 1618 524 1647 sunt,
548 1616 693 1652 propter
718 1608 873 1640 homines
897 1606 1059 1648 intelliget
1083 1605 1217 1650 scripta.

294 1669 324 1702 3.
351 1668 420 1701 Sed
444 1668 616 1702 videamus
639 1668 723 1714 jam,
748 1681 835 1713 quae
858 1668 941 1708 sint,
963 1681 1050 1712 quae
1072 1667 1106 1700 in
1131 1668 1228 1700 tertia
1252 1680 1333 1712 pro—

202 1730 317 1777 phetia
347 1731 576 1775 proloquatur
598 1729 750 1764 Balaam.
808 1730 988 1773 ‚‚Dixit‚⁵)
1028 1729 1155 1773 inquit,
1191 1728 1331 1762 Balaam

202 1791 292 1826 filius
315 1794 427 1831 Beor,
458 1792 565 1825 homo
591 1806 667 1825 vere
691 1793 824 1831 videns,
850 1791 946 1831 (lixit,
971 1791 1110 1823 audiens
1135 1792 1236 1824 verba
1260 1792 1330 1824 for-

202 1854 261 1894 tis,
299 1852 357 1897 qui
380 1851 486 1886 visum
513 1853 578 1886 Dei
601 1853 684 1887 vidit
707 1854 742 1887 in
766 1853 909 1887 somnis:
946 1853 1081 1886 revelati
1114 1852 1205 1886 oculi
1230 1852 1333 1898 ejus.“

297 1999 331 2043 ¹)
355 1998 445 2031 Edd.
472 1998 611 2031 Merlini
635 2012 833 2044 perperam:
858 1999 1029 2041 intelliget.

294 2054 332 2098 ²)
355 2055 457 2088 Num.
480 2055 609 2096 XXIV,
633 2057 663 2090 1.

296 2110 335 2152 ³)
358 2110 448 2143 Edd.
473 2110 630 2144 Merlini:
655 2111 822 2144 inanibus.

295 2166 332 2207 ⁴)
356 2165 461 2198 Deest
484 2167 562 2207 ‚‚iu“
585 2167 619 2200 in
645 2168 697 2201 ed.
722 2168 840 2202 Ruaei.

298 2221 334 2265 ¹)
356 2221 459 2254 Num.
484 2221 613 2261 XXIV,
636 2224 667 2257 3.
692 2224 722 2255 4.
