1427 2460
336 77 374 101 m
397 67 574 100 Nummos
599 65 758 98 HommA
775 63 870 97 XIX.
1102 65 1166 99 237

42 173 156 201 neum,
180 159 311 193 dicens:
338 165 391 198 „et
406 156 439 200 ¹)
463 155 578 189 videns
595 154 750 194 Cineam,
774 166 944 188 assumens
969 154 1169 199 parabolam

44 236 137 256 suam
169 220 268 254 dixit:
307 218 415 252 valida
446 217 609 251 habitatio
645 225 717 257 tua;
751 215 809 248 etsi
831 215 984 259 posueris
1015 215 1051 248 in
1075 224 1170 261 petra

43 283 163 324 nidum
187 293 302 322 tuum,
325 278 385 313 etsi
408 278 508 312 fuerit
531 278 593 311 tibi
617 280 711 312 Beor
734 276 834 310 nidus
859 277 1013 317 astutiae,
1045 277 1170 324 Assyrii

46 345 213 390 captivum
246 352 278 375 te
310 342 467 374 ducent.“
513 340 656 373 Videtur
678 339 780 378 mihi,
812 339 906 383 quod
933 338 1076 372 Cineum
1099 353 1172 372 non

45 407 141 440 valde
165 403 376 449 culpabiliter
399 402 563 435 nominet.
610 402 687 446 Ipse
712 410 759 434 est
783 401 890 439 enim,
926 400 979 432 cui
1004 410 1035 433 et
1057 401 1091 433 in
1117 415 1172 434 su-

46 465 234 513 perioribus
266 465 400 498 dicebat
424 464 522 497 Saul:
554 462 762 505 „discede²)
796 463 837 495 de
860 462 974 495 medio
1000 462 1173 501 Amalech,

47 537 80 562 et
109 541 180 561 non
217 526 405 572 percutiam
441 535 492 558 te:
531 525 607 570 quia
637 534 673 557 tu
705 523 809 557 fecisti
840 522 1106 556 misericordiam
1137 524 1172 556 in

45 589 164 630 lsrael,
197 602 275 622 cum
307 587 526 621 adscenderet
554 588 597 619 de
627 587 823 632 Aegypt0.“
868 585 924 618 De
947 585 1013 617 hoc
1038 598 1116 627 ergo
1142 593 1175 617 et

45 664 136 684 nunc
159 650 299 689 dicitur,
332 648 410 693 quia
433 648 542 681 valida
565 648 605 681 sit
628 647 791 680 habitatio
817 645 907 692 ejus,
941 646 967 679 si
991 655 1098 690 ponat
1120 645 1174 679 ni-

46 713 129 745 dum
151 725 251 745 suum
274 713 310 744 in
333 719 437 754 petra.
483 709 582 742 Petra
608 708 759 741 Christus
792 716 848 741 est.
895 707 933 740 Si
958 721 1037 750 crgo
1068 717 1175 752 ponat

44 772 164 806 nidum
188 787 286 807 suum
311 772 347 805 in
369 781 474 816 petra,
498 770 607 803 valida
632 780 678 803 est
701 768 862 802 habitatio
889 767 977 814 ejus,
1009 770 1035 803 si
1060 779 1173 802 tamen

46 847 119 866 non
142 834 200 872 fiat
223 834 252 867 ei
275 834 368 866 Beor
390 832 490 865 nidus
514 831 662 865 astutiae.
708 830 802 864 Beor
824 840 920 875 pater
951 840 998 864 est
1022 831 1175 870 Balaam,

47 894 105 938 qui
133 903 243 939 potest
273 893 379 938 accipi
406 894 443 926 in
475 906 622 938 persona
654 892 922 926 haereticorum:
956 902 994 925 ut
1018 893 1085 925 hoc
1109 892 1174 926 dici

47 954 208 996 videatur,
233 956 326 1000 quod
347 956 453 989 salvus
475 956 581 1000 possit
601 968 668 988 esse
683 953 816 994 Cineus,
839 955 866 988 si
890 963 996 998 ponat
1012 951 1054 986 in
1081 963 1177 999 petra

45 1016 166 1051 nidum
189 1031 298 1058 suum,
321 1018 387 1050 hoc
412 1026 468 1056 est,
492 1016 566 1060 si3)
590 1016 624 1048 in
640 1015 773 1050 Christo
800 1017 948 1049 collocet
959 1029 1054 1061 spem
1068 1029 1174 1056 suam,

47 1087 80 1111 et
101 1092 173 1112 non
197 1092 274 1112 eum
292 1078 540 1112 haereticorum
558 1078 745 1111 circumdet
765 1087 797 1110 ct
818 1078 1071 1111 circumscribat
1089 1087 1176 1110 astu-

46 1140 100 1173 tia.
148 1142 234 1175 Nam
259 1140 286 1173 si
310 1141 376 1173 hoc
399 1140 516 1179 fuerit,
537 1139 623 1172 nihil
648 1140 677 1172 ei
700 1138 872 1183 proderit,
897 1141 990 1184 quod
1015 1139 1049 1172 in
1073 1137 1178 1183 petra,

49 1200 107 1245 qui
142 1211 188 1234 est
219 1201 385 1241 Christus,
423 1201 607 1234 collocatus
639 1201 780 1233 videtur.
823 1201 881 1233 Ab
912 1200 1054 1246 Assyriis
1086 1200 1176 1232 enim

52 1263 200 1307 captivus
220 1263 372 1300 ducetur,
396 1261 547 1303 malignis
561 1261 683 1294 scilicet
697 1261 889 1301 virtutibus,
923 1274 1009 1305 quac
1033 1274 1089 1294 eos
1123 1275 1176 1294 ca-

49 1324 159 1369 ptivos
177 1324 315 1364 ducunt,
340 1332 372 1355 et
395 1322 430 1355 in
454 1332 652 1367 pote-statem
679 1323 866 1367 accipiunt,
882 1336 967 1367 quos
991 1322 1177 1356 haereticus

51 1398 148 1418 error
183 1385 371 1418 involverit.
424 1384 567 1417 Videtur
597 1397 677 1417 sane
707 1385 895 1418 secundum
926 1384 1013 1416 hanc
1046 1384 1178 1429 exposi-

49 1447 189 1485 tionem,
213 1459 315 1490 quam
340 1447 382 1479 de
406 1445 513 1479 Cineo
539 1445 715 1485 edidimus,
740 1449 829 1486 „et“
854 1444 1049 1491 conjunctio
1073 1446 1177 1478 inter-

47 1509 187 1542 turbare
209 1521 352 1541 sensum.
400 1507 468 1541 Sed
491 1507 666 1540 sciendum
690 1517 746 1546 est,
771 1508 864 1552 quod
888 1509 1105 1541 vernaculum
1132 1516 1180 1540 est

49 1570 226 1603 Hebraeae
247 1568 392 1610 linguae,
416 1571 489 1609 „et“
514 1567 757 1614 conjunctione
780 1570 975 1613 frequenter
991 1569 1050 1608 uti,
1074 1569 1117 1601 ita
1142 1578 1180 1601 ut

49 1630 222 1663 interdum
247 1630 407 1669 abundet,
432 1638 465 1662 et
486 1630 522 1662 in
545 1642 616 1662 non
640 1628 842 1668 necessariis,
866 1638 902 1661 ut
925 1629 961 1662 in
984 1638 1099 1662 nostra
1118 1643 1178 1674 ap-

51 1700 149 1736 paret
165 1691 289 1733 lingua,
311 1691 463 1723 videatur
480 1690 618 1723 inserta:
645 1692 739 1735 quod
762 1690 879 1735 utique
903 1704 980 1723 cum
1005 1690 1099 1723 venia
1124 1704 1180 1723 ac-

52 1752 248 1797 cipiendum
278 1761 335 1784 est.
382 1752 497 1785 Habet
528 1752 615 1784 enim
648 1764 873 1797 unaquaeque
903 1752 1016 1793 lingua
1050 1751 1180 1797 aliquid

50 1812 284 1858 proprietatis,
320 1814 415 1858 quod
446 1814 537 1858 apud
571 1813 649 1847 alias
680 1814 807 1855 linguas
837 1812 993 1846 vitiosum
1017 1812 1178 1846 videatur.
1209 1804 1211 1806 ³

49 1874 95 1907 Et
117 1873 172 1907 hic
197 1887 288 1917 ergo,
310 1879 385 1916 „et“
410 1875 607 1921 conjunctio
633 1875 726 1919 quasi
742 1876 919 1908 abundans
941 1875 1095 1908 habenda
1122 1884 1180 1914 est,

51 1944 84 1968 et
106 1936 287 1980 superflua.
332 1935 461 1970 Caveat
484 1949 563 1979 ergo
590 1936 733 1976 Cineus,
758 1936 816 1981 qui
840 1935 1078 1982 interpretatur
1100 1949 1180 1980 pos-

144 2095 180 2139 Ι)
203 2096 305 2130 Num.
329 2095 458 2137 xxlv,
479 2098 533 2130 21.
558 2098 611 2132 22.

52 2195 88 2241 (Ι
110 2150 345 2239 R2)1)Sam.
379 2152 456 2192 Xv,
493 2154 524 2187 6.
565 2154 643 2186 con.
674 2153 781 2187 Lxx.
819 2153 970 2188 virorum
1016 2152 1179 2187 versione,

142 2209 308 2298 ³3gDeest
331 2253 399 2295 „si“
424 2254 459 2287 in
484 2254 534 2288 ed.
557 2254 674 2288 Ruaei.
