1427 2460
242 93 309 127 250
718 94 896 128 Omossms

240 198 315 217 rum
340 186 560 223 tenebantur,
585 192 618 216 et
645 184 934 228 philosophorum
959 185 1136 226 dogmata,
1160 185 1253 230 quasi
1275 185 1376 221 idolis

240 247 413 280 immolata
443 246 608 278 edebant:
642 258 729 290 quae
759 256 872 279 tamen
898 246 1031 279 laedere
1051 247 1192 280 fortasse
1215 260 1286 280 non
1308 260 1373 293 po-

241 318 347 341 terant
373 320 447 345 eos,
473 307 531 351 qui
557 307 694 351 plenam
718 307 893 341 scientiam
916 308 1062 342 veritatis
1085 318 1294 354 acceperant.
1326 310 1376 344 Hi

240 380 369 410 antem,
405 369 463 413 qui
501 367 537 401 iu
569 368 706 402 Christo
737 370 850 403 minus
882 370 1082 405 eruditionis
1117 371 1308 411 habehant,
1346 371 1374 405 si
1412 389 1417 410 2

239 432 450 465 imitarentur
480 443 537 463 eos
568 430 714 473 legentes
743 431 841 470 talia,
872 440 903 464 et
925 431 990 465 illis
1014 433 1126 465 adhuc
1149 432 1269 466 studiis
1290 445 1374 477 ope·
1413 462 1417 483 :

237 507 309 527 ram
334 495 467 532 dantes,
491 492 661 525 vulnerari
686 501 862 536 poterant,
886 502 918 525 et
941 493 1151 527 diversorum
1176 494 1373 535 dogmatum
1410 491 1417 510 '³

234 554 330 588 variis
363 554 535 586 erroribus
557 553 738 599 implicari.
785 554 843 589 Sic
867 567 946 596 ergo
970 555 1090 595 fiebat,
1122 564 1162 588 ut
1183 556 1374 589 laederetur

234 616 335 656 alius,
365 616 459 648 unde
490 615 536 656 is,
576 615 634 661 qui
663 617 810 649 habebat
840 617 979 661 plenam
1009 617 1183 650 scientiam
1214 617 1374 656 veritatis,

233 679 321 727 laedi
352 691 423 711 non
447 686 595 721 poterat.
643 677 712 711 Sed
738 679 901 723 quoniam
928 678 1047 713 caritas
1071 693 1143 712 non
1167 679 1308 723 requirit
1327 679 1371 723 ¹),

232 741 327 785 quod
352 739 415 773 sibi
440 739 522 772 utile
545 749 609 781 est,
633 742 692 774 sed
717 742 811 786 quod
835 741 967 781 multis,
999 742 1178 775 observare
1195 740 1233 780 ²)
1264 754 1371 785 opor·
1400 783 1402 788 Ι

230 811 276 835 tet
304 801 406 834 talem
437 801 531 834 verbi
555 814 677 845 capere
701 801 833 843 cibum,
862 803 920 847 qui
948 816 1021 836 non
1050 804 1162 836 solum
1186 815 1250 836 nos
1277 802 1370 836 aedi⁴
1400 790 1427 837 ,“1

230 865 308 896 ficet
340 872 372 896 et
407 864 565 901 delectet,
596 864 655 896 sed
687 873 720 896 et
752 865 810 908 qui
832 864 981 898 videntes
1005 878 1078 898 non
1104 866 1277 905 offendat,
1311 873 1370 897 aut
1401 887 1403 890 ι

229 926 350 958 laedat.
397 925 457 958 Est
487 937 567 966 ergo
602 939 674 958 non
705 926 818 958 solum
847 925 883 958 in
909 926 993 959 cibis
1016 926 1118 960 idolis
1141 926 1370 965 immolatum,
1405 968 1407 970 v

225 989 286 1021 sed
311 996 343 1020 et
365 988 401 1020 in
417 987 535 1020 verbis.
581 987 655 1028 Ego
680 997 778 1033 puto,
802 987 892 1032 quia,
915 989 1003 1022 sicut
1027 988 1138 1021 omnis
1159 1001 1285 1027 sermo,
1309 987 1368 1032 qui
1400 978 1406 1013 f

226 1050 405 1094 pietatem,
437 1059 469 1082 et
492 1048 672 1093 justitiam,
697 1058 730 1082 et
751 1049 926 1082 veritatem
950 1050 1064 1089 docet,
1086 1049 1165 1082 Deo
1191 1062 1369 1082 consecra·
1401 1079 1407 1101 ,ι

224 1121 278 1145 tus
308 1120 373 1150 est,
404 1120 436 1143 et
462 1111 541 1144 Deo
573 1111 784 1144 immolatus:
815 1111 860 1144 ita
893 1120 926 1144 et
949 1111 1061 1144 omnis
1083 1123 1216 1151 sermo,
1238 1109 1299 1155 qui
1322 1111 1366 1144 ad

224 1172 489 1218 impudicitiam,
533 1173 585 1205 vel
620 1171 834 1218 injustitiam,
873 1173 927 1205 vel
972 1173 1181 1218 impietatem
1221 1172 1367 1216 respicit,
1400 1190 1409 1203 =.

223 1235 324 1268 idolis
347 1234 543 1268 immolatus
565 1234 626 1278 sit,
653 1244 684 1267 et
708 1235 767 1280 qui
792 1248 869 1267 eum
893 1234 1030 1279 recipit,
1060 1234 1155 1280 quasi
1177 1233 1279 1268 idolis
1302 1234 1367 1267 im·

223 1299 351 1331 molata
382 1297 576 1329 manducet.
622 1296 845 1330 Manducavit
876 1309 955 1339 ergo
985 1296 1139 1341 populus
1170 1296 1213 1329 de
1237 1296 1365 1329 sacrifi-

223 1359 281 1392 ciis
319 1371 458 1397 eorum,
505 1367 539 1390 et
567 1359 796 1393 adoraverunt
831 1358 925 1391 idola
955 1370 1085 1397 eorum.
1139 1358 1221 1391 Non
1251 1358 1364 1391 solum

219 1422 519 1460 manducaverunt,
543 1421 602 1452 sed
627 1428 659 1452 et
681 1419 918 1452 adoraverunt.
966 1419 1055 1452 Vide
1080 1419 1236 1453 ordinem
1260 1420 1364 1453 mali:
1405 1430 1409 1440 ·

218 1497 332 1517 servos
354 1481 500 1515 Domini
530 1480 641 1525 prima
673 1481 964 1526 concupiscentia,
997 1481 1080 1514 inde
1104 1482 1228 1515 ventris
1250 1481 1362 1524 inglu-

218 1546 294 1585 vies,
318 1554 489 1590 postrema
515 1543 693 1587 captivavit
716 1543 879 1588 impietas.
924 1542 1112 1587 Impietatis
1132 1551 1246 1576 autem
1267 1556 1359 1576 mer·
1392 1541 1407 1590 ¹,-

217 1621 270 1641 ces
294 1605 477 1639 exsolvitur
499 1604 694 1638 fornicatio.
735 1605 772 1638 Si
797 1605 933 1647 relegas,
957 1617 1045 1649 quae
1069 1604 1192 1650 scripta
1215 1614 1294 1638 sunt
1317 1606 1361 1638 de
1398 1594 1407 1632 ’ἶ

219 1670 426 1706 Salomone,
456 1666 605 1699 invenies
630 1679 725 1708 eum,
752 1676 783 1700 et
809 1666 947 1711 quidem
974 1679 1052 1699 cum
1078 1676 1163 1700 esset
1183 1667 1359 1712 sapientis-

216 1732 336 1770 simus,
367 1729 482 1763 multis
514 1729 714 1762 mulieribus
744 1728 924 1762 inclinasse
947 1729 1052 1761 latera
1080 1742 1158 1769 sua,
1196 1742 1274 1763 cum
1305 1731 1358 1763 lex
1398 1717 1405 1756 ⁴.

216 1793 283 1826 Dei
316 1792 421 1826 dicat:
459 1804 557 1830 „non
577 1791 614 1835 ³)
638 1790 879 1835 multiplicabis
910 1790 972 1823 tibi
995 1789 1172 1830 mulieres,
1201 1804 1245 1823 ne
1269 1792 1359 1825 sorte

215 1854 378 1888 fornicari
408 1863 438 1886 te
469 1852 596 1886 faciant
620 1867 638 1885 a
663 1853 741 1886 Deo
764 1857 858 1886 tuo.“
904 1852 967 1885 Ille
990 1865 1070 1895 ergo
1095 1866 1174 1886 cum
1198 1863 1282 1887 esset
1304 1866 1358 1887 sa—
1391 1867 1394 1870 ·

215 1916 459 1962 pientissimus,
493 1925 525 1948 et
554 1915 696 1956 ingentis
721 1916 813 1960 apud
837 1915 953 1950 Deum
979 1914 1108 1955 meriti,
1136 1924 1250 1948 tamen
1275 1915 1355 1960 quia
1395 1959 1399 1962 ῃ

213 1993 247 2012 sc
279 1978 417 2011 tradidit
447 1977 561 2010 multis
593 1975 810 2016 mulieribus,
848 1977 1007 2021 deceptus
1040 1986 1096 2010 est.
1150 1976 1224 2019 Ego
1256 1985 1355 2021 puto,

214 2041 307 2084 quod
333 2041 458 2072 multae
481 2039 656 2078 mulieres,
688 2038 794 2071 multa
825 2039 983 2081 dogmata
1009 2047 1041 2070 et
1064 2038 1250 2071 multarum
1272 2050 1352 2081 gen-

309 2178 339 2220 Ὁ
364 2179 453 2212 Edd.
479 2179 633 2212 Merlini:
659 2180 798 2224 quaerit.

304 2233 340 2278 2)
365 2234 455 2268 Edd‚
485 2235 642 2268 Merlini:
680 2234 861 2268 observari.

303 2290 340 2332 ³)
364 2291 465 2324 Dent.
489 2291 601 2330 XVII,
624 2291 678 2324 17.
703 2290 782 2323 coll.
809 2290 914 2322 LXX.
939 2291 1091 2324 virorum
1116 2289 1279 2323 versione.
