1427 2460
355 88 392 114 m
415 80 594 114 Nummos
618 79 776 112 HommA
795 78 869 111 VII.
1135 78 1179 112 57

50 171 134 216 gella
159 170 295 216 quidem
319 169 487 214 suscipere
510 168 676 209 videntur,
701 169 865 209 derogant
891 175 1002 200 autem
1018 166 1122 207 Mosi,
1149 177 1181 200 et

52 233 175 266 merito
202 240 396 272 arguuntur,
422 231 500 275 quia
517 240 595 263 cum
611 232 737 264 discant
752 242 813 274 per
830 229 1059 272 Evangelium,
1085 229 1180 274 quod

51 293 166 326 2Moses
190 306 256 326 una
282 305 360 325 cum
384 292 459 325 Elia
484 291 566 325 vidit
595 291 735 333 gloriam
762 290 924 331 Domini,
954 291 1018 334 legi
1043 300 1074 324 et
1097 304 1181 335 pro-

51 355 162 400 phetis
185 353 255 387 ausi
279 364 356 387 sunt
380 355 553 395 derogare.
611 353 656 386 Et
678 353 756 386 ideo
780 365 843 386 nos
866 366 939 386 non
967 353 1181 386 detrahamus

52 415 162 454 Mosi,
185 429 248 448 nec
273 417 474 457 derogemus
499 415 582 456 legi,
607 415 665 448 sed
690 415 792 448 simus
815 428 886 447 non
910 415 1022 447 solum
1047 413 1183 446 audito-

52 490 105 511 res
128 477 218 519 legis,
243 478 301 510 sed
326 487 358 510 et
380 479 535 517 factores,
558 486 596 510 ut
621 490 696 510 cum
722 476 797 521 ipso
817 476 915 508 Mose
932 473 1184 516 conglorificari

53 551 254 572 mereamur.
301 538 374 581 Ego
401 549 512 572 autem
536 547 632 583 puto,
658 539 752 582 quod
778 547 808 570 et
825 538 873 571 illi
890 536 1063 570 materiam
1085 549 1183 580 prae-

52 608 140 632 stant
164 600 207 632 ad
231 600 466 642 derogandum
490 599 591 641 Mosi,
619 600 685 645 qui,
710 600 803 633 verbi
829 601 1040 639 causa,'cum
1063 598 1185 641 legitur

52 660 141 693 liber
154 661 302 702 Levitici,
326 662 377 695 vel
396 663 496 695 lectio
518 663 760 702 Numerorum,
786 674 857 694 non
882 661 1074 700 ostendunt,
1098 673 1185 704 quo-

53 724 160 756 modo
185 723 279 765 haec,
303 737 389 768 quae
410 723 447 756 in
473 723 657 765 aenigmate
687 723 810 768 scripta
834 732 928 762 sunt,
960 721 1100 763 intelligi
1124 734 1188 766 per

57 783 205 828 speciem
229 785 384 824 debeant,
409 784 444 817 id
471 794 527 824 est,
553 785 609 830 qui
633 798 704 818 non
730 784 948 829 spiritualiter
969 796 1017 823 ea,
1041 796 1127 828 quae
1150 783 1186 816 in

55 846 128 886 lege
151 847 326 888 leguntur,
362 855 546 890 exponunt.
594 846 790 880 Necessario
816 846 925 886 enim,
964 846 1021 890 qui
1045 845 1189 877 audiunt

55 905 158 940 ritum
177 907 432 948 sacrificiorum,
456 908 506 940 vel
530 908 750 940 sabbatorum
778 906 1035 947 observantiam,
1060 907 1111 939 vel
1135 919 1188 938 ce-

54 976 206 1001 terorum
231 968 391 1002 similium
415 968 451 1002 in
476 969 613 1002 ecclesia
643 969 795 1010 recitari,
821 970 1057 1009 offenduntur,
1082 977 1113 1001 et
1137 967 1190 1001 di-

59 1038 157 1063 cunt:
188 1030 270 1074 quid
302 1031 369 1064 hoc
401 1044 536 1064 necesse
565 1040 614 1064 est
636 1031 672 1064 in
698 1030 836 1064 ecclesia
857 1030 946 1072 legi?
982 1030 1062 1074 Quo
1087 1030 1189 1064 nobis

53 1100 200 1135 prosunt
223 1102 402 1138 praecepta
427 1093 582 1132 Judaica,
608 1102 639 1125 et
663 1092 764 1136 spreti
787 1093 908 1137 populi
934 1091 1190 1126 observantiae?

58 1152 152 1186 Haec
176 1153 389 1187 Judaeorum
415 1164 502 1194 sunt,
527 1164 558 1187 et
578 1154 701 1187 Judaei
725 1155 768 1186 de
790 1155 829 1187 iis
853 1153 1006 1188 viderint.
1043 1155 1094 1186 Ne
1111 1167 1189 1196 ergo

58 1212 257 1259 hujusmodi
272 1215 479 1248 offendicula
498 1215 710 1248 auditoribus
726 1215 889 1255 accidant,
903 1215 939 1259 ¹)
957 1216 1068 1248 danda
1086 1228 1192 1260 opera

60 1284 108 1308 est
126 1277 169 1308 ad
192 1274 364 1309 scientiam
388 1276 479 1318 legis,
511 1286 543 1309 et
567 1278 754 1310 secundum
779 1277 863 1318 hoc,
890 1278 984 1321 quod
1013 1276 1194 1322 spiritualis

60 1345 109 1369 est
130 1337 193 1375 lex,
216 1335 432 1378 intelligenda
458 1346 490 1370 et
514 1339 723 1381 explananda
748 1347 824 1371 sunt
843 1338 958 1371 omnia
974 1352 1060 1383 quae
1075 1339 1194 1381 legun-

57 1406 129 1437 tur,
164 1410 210 1429 ne
233 1397 415 1430 doctorum
439 1411 554 1438 causa,
590 1398 661 1432 imo
687 1399 813 1432 desidia
846 1409 877 1432 et
899 1400 1115 1442 negligentia,
1151 1401 1193 1432 ab

58 1457 221 1504 imperitis
246 1467 277 1492 et
298 1459 443 1493 indoctis
468 1461 648 1501 derogetur
672 1461 781 1494 Mosi:
805 1462 865 1494 sed
890 1472 1126 1495 convertamur
1151 1462 1194 1494 ad

61 1519 273 1561 Dominum,
302 1530 340 1553 ut
371 1522 501 1554 auferat
531 1535 549 1554 a
581 1522 682 1555 nobis
713 1521 867 1555 velamen
891 1523 1024 1564 literae3
1062 1532 1100 1555 ut
1122 1536 1194 1555 non

59 1581 160 1614 nobis
185 1581 347 1615 deformis
372 1584 481 1616 vultus
504 1583 622 1624 Blosis,
652 1584 711 1616 sed
741 1584 906 1626 gloriosus
939 1585 1026 1627 ac2)
1051 1585 1195 1617 decorus

62 1652 239 1687 appareat,
263 1642 308 1676 ita
332 1653 369 1676 ut
392 1657 464 1677 non
488 1646 600 1677 solum
623 1659 695 1678 non
721 1647 968 1685 obtrectemus,
991 1647 1049 1679 sed
1076 1655 1106 1678 et
1130 1658 1193 1689 pro

60 1704 295 1746 magnitudine
323 1718 500 1746 sensuum,
532 1707 670 1740 laudem
696 1708 725 1740 ei
750 1717 782 1740 et
805 1707 945 1748 gloriam
971 1709 1195 1741 conferamus.

63 1764 127 1805 „Et
138 1764 173 1806 ³)
197 1765 246 1797 ira
270 1766 394 1799 furoris
419 1767 562 1801 Domini
586 1769 672 1802 facta
700 1779 745 1802 est
768 1782 869 1813 super
893 1769 988 1809 illos,
1014 1779 1045 1802 et
1073 1769 1195 1801 disces-

61 1835 195 1867 serunt,
230 1836 262 1860 et
289 1828 397 1861 nubes
420 1829 554 1862 recessit
578 1843 596 1863 a
619 1832 862 1872 tabernaculo;
895 1840 927 1863 et
949 1833 1051 1871 ecce,
1086 1830 1199 1862 Maria

62 1889 152 1922 sacta
175 1898 222 1921 est
244 1889 377 1933 leprosa
401 1889 487 1923 sicut
511 1891 599 1925 nix.“
650 1892 705 1925 Ira
729 1891 854 1924 suroris
878 1891 1021 1924 Domini
1053 1891 1198 1925 efficitur

159 2016 194 2060 ¹)
219 2016 308 2050 Cod.
332 2016 434 2051 lecr.
459 2018 692 2052 Ebroicensis:
725 2018 934 2059 ‚,accidant.“
983 2019 1069 2053 Cod.
1093 2021 1199 2054 sancti

65 2061 292 2094 Theoderici:
323 2064 571 2106 ‚,contingant.“
627 2064 722 2097 Libri
754 2064 833 2098 editi
866 2064 913 2110 (e.
946 2079 973 2098 c.
1009 2066 1085 2098 edd.
1110 2066 1198 2108 M.):

64 2107 281 2149 „accedant.“
303 2107 344 2140 R.

159 2162 195 2207 ²)
220 2163 309 2197 Edd.
334 2163 494 2197 Merlini:
521 2174 552 2198 ct
575 2166 728 2200 decorus.

159 2219 196 2261 ³)
220 2220 322 2253 Num.
353 2220 437 2262 XII,
469 2222 500 2255 9.
533 2222 585 2255 10.
609 2223 699 2256 Edd.
723 2224 774 2258 M.
799 2233 830 2258 et
853 2224 895 2260 R.
918 2223 984 2257 hoc
1008 2223 1108 2266 loco,
1142 2224 1200 2256 cfr.

68 2275 144 2310 pag.
167 2266 222 2300 55.
246 2275 308 2300 not
329 2266 360 2300 2.
387 2277 440 2309 „et
463 2268 717 2302 discesserunt.“
