1427 2460
199 64 265 100 164
677 60 858 95 ‘Omcems

197 153 388 188 societatem
423 161 454 185 et
478 151 630 186 officium
656 151 856 197 Raphaelis,
894 151 951 196 qui
975 152 1164 186 medicinae
1186 162 1335 198 praeest:

198 215 223 250 si
249 229 326 249 cum
351 213 470 247 videris
496 213 643 258 aliquem
665 213 877 246 vulneratum
893 214 1047 257 peccatis,
1073 223 1104 247 et
1116 214 1239 257 sagittis
1264 215 1335 248 dia-

198 276 272 310 boli
295 275 477 314 confixum,
502 273 697 307 adhibueris
721 275 935 308 curationum
949 289 1155 316 sermonem,
1180 289 1218 309 ac
1241 276 1354 309 verbi'

195 337 264 370 Dei
289 337 472 370 contuleris
495 335 720 375 medicinam,
750 345 787 368 ut
809 337 940 381 peccati
964 339 1103 371 vulnera
1129 350 1191 382 per
1210 337 1336 383 poeni-

196 398 334 432 tentiam
359 411 465 437 sanes,
491 407 523 430 et
545 396 748 430 medicinam
765 398 983 433 confessionis
1009 400 1175 433 ostendas.
1212 398 1249 433 Si
1263 398 1337 444 quis

197 473 276 494 vero
301 457 497 505 hujusmodi
523 472 628 503 opera
652 460 686 492 in
710 460 777 492 hoc
800 461 933 494 mundo
959 460 1040 503 agit,
1072 461 1145 506 ipse
1169 474 1204 494 se
1236 473 1336 505 prae-

197 523 266 563 bet,
289 531 327 555 ut
349 522 383 554 in
408 523 524 554 futuro
541 521 676 554 saeculo
700 520 803 566 κε’)
829 521 1013 561 electionis,
1036 532 1067 555 et
1084 522 1166 555 utile
1181 521 1336 555 Domino

197 584 241 616 ad
267 596 369 616 omne
393 596 479 627 opus
504 583 636 616 bonum
660 592 816 626 paratum
843 596 860 616 a
886 583 1064 616 conditore
1089 585 1263 616 formetur.
1298 582 1337 616 Si

199 657 277 678 vero
303 643 473 677 contraria
498 652 607 684 gerat,
643 657 698 677 vas
731 645 773 677 ad
799 645 1039 678 contumeliam
1076 645 1209 678 divinae
1231 652 1337 677 semet

198 706 310 751 ipsum
333 705 510 751 praebebit
534 705 787 750 dispensationi.
839 707 884 739 Et
907 716 1090 751 propterea
1115 715 1199 751 puto
1225 705 1260 738 iu
1286 704 1337 738 di-

190 767 281 801 ·vinis
304 765 535 800 voluminibus
558 767 683 812 scripta
718 781 786 801 csse
811 777 843 801 et
866 769 1042 801 bonorum
1067 777 1171 811 gesta,
1204 776 1236 800 et
1265 780 1337 800 ma-

197 829 323 869 lorum,
347 837 379 862 et
400 840 440 860 ex
463 828 614 869 sinistris,
637 839 668 861 et
693 829 815 862 dextris
840 830 971 863 actibus
1004 830 1184 874 scripturas
1209 828 1337 862 divinas

197 903 267 924 esse
290 898 481 929 contextas,
517 898 554 922 ut
577 889 819 932 intelligamus,
856 891 934 936 quia
966 892 1058 936 apud
1083 891 1197 924 Deum
1232 890 1339 923 otiosa

196 965 269 986 non
293 946 400 991 sunt,'
426 964 490 984 nec
509 952 682 986 malorum
719 965 838 997 opera,
878 966 941 985 nec
971 953 1157 986 bonorum.
1209 952 1337 985 Verum

197 1026 289 1046 nunc
313 1021 393 1058 post
417 1026 585 1046 excessum
610 1013 795 1058 plurimum
823 1013 972 1059 quidem,
995 1015 1055 1048 sed
1080 1027 1199 1048 causae
1221 1026 1337 1047 neces-

197 1075 333 1115 sarium,
357 1076 533 1108 redeamus
557 1075 600 1107 ad
624 1076 853 1120 propositum.

285 1138 317 1172 3.
340 1135 481 1169 Balaam
506 1135 571 1176 hic,
596 1145 634 1168 ut
653 1136 807 1181 superius
820 1136 974 1177 diximus,
999 1137 1131 1172 divinus
1150 1146 1230 1178 erat,
1255 1139 1334 1170 dae-

196 1211 339 1231 monum
370 1198 495 1231 scilicet
528 1197 737 1237 ministerio,
775 1208 806 1231 et
829 1208 899 1231 arte
931 1198 1059 1240 magica
1086 1212 1337 1244 nonnunquam

199 1262 312 1294 futura
335 1272 573 1304 praenoscens.
630 1259 782 1302 Rogatur
806 1274 825 1293 a
859 1259 988 1293 Balach
1020 1273 1097 1304 rege
1130 1262 1172 1295 ad
1196 1259 1338 1294 maledi·
1390 1295 1392 1298 ,

198 1322 344 1354 cendum
368 1320 502 1365 populo
527 1320 648 1360 Israel,
677 1321 777 1362 legati
800 1321 956 1362 veniunt,
991 1322 1182 1355 divinacula
1203 1322 1240 1354 in
1263 1333 1336 1353 ma-

196 1382 297 1416 nibus
320 1383 452 1421 ferunt,
488 1390 577 1414 stant
599 1381 760 1415 attonitae
784 1392 906 1424 gentes,
931 1391 962 1415 et
987 1382 1115 1421 anxiae,
1139 1369 1334 1426 exspectan-

197 1455 244 1478 tes
263 1444 350 1489 ¹quid
377 1441 746 1487 respondeatBalaam‚
771 1445 814 1477 de
839 1456 908 1486 quo
933 1456 1130 1489 persuasum
1155 1442 1336 1481 habebant,

197 1507 290 1551 quod
332 1504 452 1547 dignus
486 1504 606 1537 divinis
642 1505 823 1549 colloquiis
858 1505 1050 1539 haberetur.
1108 1503 1198 1537 Vide
1232 1506 1335 1542 nunc,

198 1567 377 1611 quomodo
400 1565 565 1610 sapientia
587 1565 653 1599 Dei
678 1579 732 1600 vas
755 1566 845 1600 istud
865 1568 910 1600 ad
927 1565 1169 1600 contumeliam
1192 1577 1335 1610 praepa-

198 1638 308 1662 ratum
332 1627 502 1673 proficere
522 1627 602 1660 fecit
626 1629 669 1661 ad
688 1627 870 1662 utilitatem
885 1642 956 1661 non
976 1630 1088 1662 solum
1100 1627 1204 1671 gentis
1224 1627 1334 1666 unius,

196 1692 255 1724 sed
279 1703 367 1735 pene
390 1689 492 1723 totius
517 1689 655 1723 mundi:
692 1699 724 1722 et
748 1689 845 1730 huic,
869 1689 924 1722 cui
947 1691 1103 1725 solebant
1125 1687 1233 1722 videri
1256 1688 1336 1721 ‹lae-

198 1765 327 1792 mones,
351 1751 484 1785 videtur
507 1751 611 1791 Deus,
635 1752 823 1797 prohibens
840 1751 928 1788 ‚mali
953 1751 1065 1797 operis
1089 1751 1161 1785 iter.
1208 1751 1333 1795 Stupe-

199 1813 260 1847 seit
283 1813 442 1854 Balaam,
473 1822 506 1846 et
533 1813 677 1847 miratur
706 1814 921 1858 prohibentis
953 1814 1198 1848 auctoritatem.
1255 1812 1334 1844 Nou

199 1875 290 1908 enim
314 1875 446 1909 solebat
470 1875 600 1908 malum
624 1875 849 1909 daemonibus
875 1875 1061 1920 displicere.
1117 1874 1186 1908 Sed
1208 1873 1332 1906 iterum

198 1936 337 1969 remittit
361 1938 497 1979 legatos,
522 1937 646 1978 dicens,
669 1950 742 1970 non
766 1950 801 1970 se
825 1950 924 1982 posse
948 1939 1069 1977 facere,
1091 1935 1154 1969 nisi
1180 1935 1332 1973 verbum,

198 1999 292 2041 quod
316 1998 410 2032 Deus
435 1998 566 2032 dederit
588 1999 623 2032 in
650 2012 687 2032 os
713 1998 792 2044 ejus.
828 1999 987 2031 Redeunt
1001 2010 1114 2031 rursus
1137 1995 1247 2040 legati,
1269 1995 1329 2028 ite-

198 2072 272 2091 rum
297 2059 449 2104 requirit,
471 2059 592 2094 iterum
617 2062 778 2094 molestus
803 2069 860 2101 est,
887 2069 919 2092 et
941 2059 1062 2092 iterum
1088 2056 1182 2102 cupit
1204 2056 1330 2090 audire.

198 2121 276 2152 Non
302 2120 392 2153 enim
424 2119 519 2154 facile
551 2121 694 2166 cupidus
717 2121 936 2154 mercedibus
969 2130 1064 2153 caret.
1124 2118 1218 2161 Quid
1251 2129 1328 2157 crgo

291 2259 326 2301 ¹)
350 2259 379 2290 ll
399 2258 555 2292 ‘Timoth
582 2259 621 2299 H,
644 2261 697 2293 21.
