1427 2460
382 53 418 76 m
443 43 622 76 Nummos
648 41 808 75 HoanA
828 42 901 74 VH.
1163 42 1211 77 55

72 135 172 180 pulus
194 132 310 180 priorj
323 144 435 176 neque
459 131 523 165 soli
545 131 715 171 haeretici,
740 132 783 164 de
808 130 930 176 quibus
946 144 1047 175 supra
1071 144 1204 164 memo-

73 196 235 238 ravimus,
271 194 452 228 detrahunt
485 194 528 226 de
555 194 675 226 Mose:
708 194 766 226 sed
798 202 830 225 et
862 192 973 226 omnis
998 191 1056 237 qui
1080 192 1204 237 scripta

70 256 142 302 ejus
171 257 260 289 male
292 255 461 297 intelligit,
494 264 526 288 et
560 255 618 300 qui
646 254 853 299 spiritualem
888 254 994 295 legem
1027 254 1205 287 carnaliter

68 317 214 362 suscipit,
236 316 328 350 NIosi
351 318 509 359 derogat,
546 317 623 361 quia
656 317 698 349 de
730 317 840 349 verbis
865 316 999 360 spiritus
1024 316 1203 350 carnaliter

69 377 225 412 homines
250 379 360 412 docet.
408 379 575 420 Audistis,
606 378 688 423 quid
719 378 782 412 sibi
817 377 934 424 judicii
960 379 1203 410 obtrectatores

68 448 101 472 et
123 438 318 484 maleloqui,
344 450 375 473 et
397 440 480 485 quid
505 440 731 474 damnationis
750 440 946 484 adquirant:
973 439 1086 472 audite
1109 452 1201 472 nunc

66 508 99 532 et
128 510 292 544 quantum
331 501 488 535 beneficii
527 503 704 535 conserant
741 503 800 540 iis,
838 501 961 545 quibus
998 502 1198 533 obtrectant.

62 562 248 606 Nunquam
272 562 461 596 invenimus
485 573 591 597 tantas
614 564 731 597 laudes
755 563 869 595 Deum
895 562 1014 595 dixisse
1037 563 1080 595 de
1099 562 1198 594 Mose

61 623 192 656 famulo
218 637 300 664 suo,
325 634 468 668 quantas
500 638 594 658 nunc
618 626 685 659 dici
708 626 878 664 videmus,
903 625 1042 669 quando
1067 625 1109 656 ab
1135 624 1197 656 ho-

61 684 211 718 minibus
236 685 267 718 ei
291 686 491 728 derogatum
518 695 572 720 est.

147 747 179 780 2.
205 747 295 779 Audi
320 760 398 789 ergo
423 747 457 780 in
483 747 768 792 consequentibus
794 747 875 792 quid
901 749 1034 786 referat,
1059 756 1090 780 ct
1115 746 1191 790 qui-

58 808 122 840 bus
145 807 269 842 Mosen
291 808 449 842 laudibus
474 810 593 842 efferat
617 809 761 853 Spiritus
792 818 935 842 sanctus.
990 808 1055 848 „Et
1070 809 1103 851 ¹)
1137 809 1196 840 de—

56 869 208 910 scendit,
239 869 366 914 inquit,
396 870 570 903 Dominus
594 870 629 903 in
655 871 817 904 columna
841 871 957 911 nubis,
983 880 1014 903 et
1038 869 1127 903 stetit
1151 871 1194 903 ad

58 930 183 963 ostium
212 931 425 964 tabernaculi
454 931 647 966 testimonii.
701 932 747 965 Et
778 933 887 966 vocati
918 942 996 966 sunt
1021 933 1134 964 Aaron
1163 941 1193 964 et

54 992 178 1033 Maria,
202 1002 235 1025 ct
257 1002 420 1026 steterunt
444 995 567 1033 ambo,
604 1003 635 1027 et
669 994 749 1028 dixit
773 996 816 1027 ad
842 1008 917 1027 eos:
953 994 1066 1027 audite
1089 994 1191 1027 verba

54 1067 140 1087 mea.
189 1054 226 1087 Si
248 1053 351 1087 fuerit
373 1055 542 1099 propheta
568 1055 641 1099 quis
665 1065 812 1089 vestrum
837 1055 999 1095 Domini,
1032 1056 1065 1088 in
1092 1055 1193 1087 visio·

53 1116 155 1148 nibus
179 1116 209 1148 ei
234 1100 408 1156 agnoscar,
433 1125 464 1148 et
487 1117 523 1149 in
547 1116 676 1149 somnis
700 1118 824 1161 loquar
850 1117 888 1150 ei.
936 1118 1016 1150 Non
1033 1116 1117 1150 sicut
1139 1117 1190 1148 sa-

53 1177 150 1209 mulo
173 1190 251 1209 meo
276 1176 377 1216 Mosi,
402 1176 460 1221 qui
483 1177 519 1210 in
543 1186 615 1210 tota
640 1179 746 1211 domo
770 1191 847 1210 mea
870 1178 978 1212 fidelis
994 1187 1058 1211 est:
1085 1191 1120 1210 os
1145 1178 1188 1210 ad

54 1252 91 1271 os
116 1239 243 1282 loquor
266 1239 309 1270 ad
337 1251 435 1277 eum,
470 1238 506 1271 in
538 1238 669 1283 specie,
708 1248 740 1271 ct
770 1253 842 1272 non
866 1239 900 1272 in
927 1239 1127 1281 aenigmate,
1157 1247 1188 1271 et

50 1299 193 1342 gloriam
217 1298 362 1332 Domini
386 1298 477 1332 vidit.
531 1299 576 1332 Et
601 1314 706 1344 quare
728 1314 800 1333 non
831 1300 987 1333 timuistis
1011 1300 1187 1332 detrahere

50 1360 180 1392 famulo
206 1372 284 1392 meo
309 1358 426 1392 Mosi?
470 1360 516 1392 Et
546 1360 595 1393 ira
629 1362 754 1394 suroris
779 1362 924 1394 Domini
947 1362 1035 1393 facta
1061 1359 1113 1394 est¹
1129 1374 1184 1393 su-

48 1435 111 1466 per
132 1421 219 1461 illos,
245 1430 276 1453 ct
300 1420 541 1462 discesserunt,
556 1422 593 1466 2>
623 1431 656 1455 et
684 1423 792 1456 nubes
816 1423 964 1456 discessit
987 1435 1004 1454 a
1028 1422 1185 1454 taberna-

48 1485 138 1522 culo,
163 1491 195 1515 et
219 1482 431 1521 ecce,Maria
455 1484 542 1516 sacta
559 1493 606 1517 cst
623 1485 758 1528 leprosa
781 1485 866 1518 sicut
878 1484 965 1517 nix.“
998 1483 1131 1524 Videte,
1147 1483 1184 1525 3)

47 1545 128 1589 quid
155 1543 218 1577 sibi
241 1556 374 1588 poenae
398 1544 604 1577 contulerint
629 1547 885 1586 obtrectatores,
910 1547 992 1590 quid
1018 1558 1096 1578 vero
1122 1544 1181 1583 illi,

47 1605 102 1638 cui
138 1607 423 1645 obtrectaverant,
459 1606 683 1650 quaesiverint
718 1607 837 1640 laudis.
899 1607 972 1640 Sibi
996 1605 1181 1650 turpitudi-

45 1680 144 1706 nem,
167 1667 216 1699 illi
240 1667 478 1711 splendorem,
503 1667 567 1700 sibi
591 1669 720 1713 lepram
736 1694 745 1708 ,
768 1669 817 1702 illi
842 1668 982 1710 gloriam
997 1693 1005 1707 ,
1027 1666 1091 1700 sibi
1117 1680 1179 1711 op-

44 1727 237 1773 probrium,
260 1728 309 1760 illi
333 1728 616 1770 magnificentiam
641 1729 888 1773 quaesiverunt.
935 1730 1178 1762 Verumtamen

44 1790 160 1822 Moses
191 1789 389 1834 priusquam
423 1790 590 1834 acciperet
623 1790 890 1836 Aethiopissam,
928 1804 1000 1823 non
1027 1800 1073 1824 est
1096 1789 1180 1823 scri-

42 1861 153 1895 ptum,
177 1850 255 1895 quia
280 1850 314 1882 iu
340 1851 452 1895 specie
477 1853 610 1884 locutus
641 1853 682 1885 sit
706 1852 735 1885 ei
759 1853 871 1891 Deus,
902 1862 934 1884 et
964 1866 1035 1884 non
1061 1851 1095 1884 in
1122 1864 1177 1884 ae<

40 1913 288 1958 nigmatez-sed
312 1912 372 1944 ubi
396 1914 524 1957 accepit
557 1913 822 1957 Aethiopissam,
851 1922 931 1946 tunc
965 1912 1045 1946 dicit
1068 1913 1110 1945 de
1135 1925 1175 1944 eo

40 1974 155 2014 Deus,
186 1973 264 2018 quia
293 1987 351 2013 „os
365 1973 400 2018 4)
434 1975 477 2007 ad
510 1988 546 2008 os
570 1975 694 2020 loquar
718 1977 761 2009 ad
793 1988 890 2015 eum,
921 1974 955 2007 iu
980 1975 1110 2019 specie,
1142 1983 1175 2006 et

136 2068 171 2111 ¹)
195 2069 300 2101 Num.
323 2069 400 2108 XII,
424 2070 563 2103 5—-10,

133 2124 170 2166 ²)
195 2124 258 2156 Ed.
291 2124 398 2157 linaei
430 2126 501 2158 sola
532 2126 721 2158 hocloco:
757 2124 1023 2166 „discesserunw
1048 2122 1171 2155 omisso

41 2173 127 2209 „⁶:t.“
153 2169 221 2201 Cfr.
247 2170 347 2201 Num.
372 2170 449 2209 XII,
471 2171 502 2205 9.

133 2226 170 2267 3)
196 2224 283 2257 Edd.
306 2225 464 2259 Mcrlini:
489 2225 617 2262 Videtis
643 2236 702 2259 etc.
798 2225 834 2269 ⁴)
859 2226 960 2259 Num.
986 2223 1062 2264 XII,
1086 2223 1118 2258 8,
