<?xml version="1.0" encoding="UTF-8"?>
<!DOCTYPE html PUBLIC "-//W3C//DTD XHTML 1.0 Transitional//EN"
    "http://www.w3.org/TR/xhtml1/DTD/xhtml1-transitional.dtd">
<html xmlns="http://www.w3.org/1999/xhtml" xml:lang="en" lang="en">
 <head>
  <title>
</title>
<meta http-equiv="Content-Type" content="text/html;charset=utf-8" />
  <meta name='ocr-system' content='tesseract 3.04.00' />
  <meta name='ocr-capabilities' content='ocr_page ocr_carea ocr_par ocr_line ocrx_word'/>
</head>
<body>
  <div class='ocr_page' id='page_1' title='image "./operaomniaquaegr10orig_0101.png"; bbox 0 0 1427 2460; ppageno 0'>
   <div class='ocr_carea' id='block_1_1' title="bbox 363 66 1185 102">
    <p class='ocr_par' dir='ltr' id='par_1_1' title="bbox 363 66 1185 102">
     <span class='ocr_line' id='line_1_1' title="bbox 363 66 1185 102; baseline 0 0"><span class='ocrx_word' id='word_1_1' title='bbox 363 77 400 102; x_wconf 76' lang='lat' dir='ltr'>m</span> <span class='ocrx_word' id='word_1_2' title='bbox 423 67 601 101; x_wconf 67' lang='lat' dir='ltr'>Nummos</span> <span class='ocrx_word' id='word_1_3' title='bbox 625 66 787 100; x_wconf 72' lang='lat' dir='ltr'>Humum</span> <span class='ocrx_word' id='word_1_4' title='bbox 805 66 865 99; x_wconf 84' lang='lat' dir='ltr'>IX.</span> <span class='ocrx_word' id='word_1_5' title='bbox 1141 67 1185 102; x_wconf 78' lang='lat'>79</span> 
     </span>
    </p>
   </div>
   <div class='ocr_carea' id='block_1_2' title="bbox 50 155 1189 2051">
    <p class='ocr_par' dir='ltr' id='par_1_2' title="bbox 50 155 1185 267">
     <span class='ocr_line' id='line_1_2' title="bbox 50 155 1184 201; baseline -0.006 -6"><span class='ocrx_word' id='word_1_6' title='bbox 50 175 72 195; x_wconf 84' lang='lat' dir='ltr'>·a</span> <span class='ocrx_word' id='word_1_7' title='bbox 96 157 184 195; x_wconf 69' lang='lat' dir='ltr'>sa&#39;lsis</span> <span class='ocrx_word' id='word_1_8' title='bbox 215 156 397 193; x_wconf 82' lang='lat' dir='ltr'>fratribus?</span> <span class='ocrx_word' id='word_1_9' title='bbox 446 155 544 200; x_wconf 85' lang='lat' dir='ltr'>Quae</span> <span class='ocrx_word' id='word_1_10' title='bbox 576 165 703 201; x_wconf 83' lang='lat' dir='ltr'>quanto</span> <span class='ocrx_word' id='word_1_11' title='bbox 734 156 840 199; x_wconf 83' lang='lat' dir='ltr'>magis</span> <span class='ocrx_word' id='word_1_12' title='bbox 871 155 1062 196; x_wconf 82' lang='lat' dir='ltr'>abundant,</span> <span class='ocrx_word' id='word_1_13' title='bbox 1090 164 1184 189; x_wconf 82' lang='lat' dir='ltr'>tanto</span> 
     </span>
     <span class='ocr_line' id='line_1_3' title="bbox 55 217 1185 267; baseline -0.004 -12"><span class='ocrx_word' id='word_1_14' title='bbox 55 222 198 267; x_wconf 83' lang='lat' dir='ltr'>amplius</span> <span class='ocrx_word' id='word_1_15' title='bbox 220 221 270 261; x_wconf 88' lang='lat' dir='ltr'>iis,</span> <span class='ocrx_word' id='word_1_16' title='bbox 294 219 351 264; x_wconf 91' lang='lat' dir='ltr'>qui</span> <span class='ocrx_word' id='word_1_17' title='bbox 375 217 539 263; x_wconf 76' lang='lat' dir='ltr'>patienter</span> <span class='ocrx_word' id='word_1_18' title='bbox 561 218 709 258; x_wconf 87' lang='lat' dir='ltr'>tulerint,</span> <span class='ocrx_word' id='word_1_19' title='bbox 734 218 915 251; x_wconf 84' lang='lat' dir='ltr'>conferunt</span> <span class='ocrx_word' id='word_1_20' title='bbox 937 217 1081 260; x_wconf 78' lang='lat' dir='ltr'>gloriam</span> <span class='ocrx_word' id='word_1_21' title='bbox 1105 217 1185 254; x_wconf 77' lang='lat' dir='ltr'>Dei.</span> 
     </span>
    </p>

    <p class='ocr_par' dir='ltr' id='par_1_3' title="bbox 50 279 1189 2051">
     <span class='ocr_line' id='line_1_4' title="bbox 142 279 1186 325; baseline -0.002 -11"><span class='ocrx_word' id='word_1_22' title='bbox 142 284 172 318; x_wconf 85' lang='lat'>3.</span> <span class='ocrx_word' id='word_1_23' title='bbox 195 280 308 325; x_wconf 84' lang='lat' dir='ltr'>„Et¹)</span> <span class='ocrx_word' id='word_1_24' title='bbox 340 281 473 313; x_wconf 87' lang='lat' dir='ltr'>locutus</span> <span class='ocrx_word' id='word_1_25' title='bbox 505 289 551 312; x_wconf 88' lang='lat' dir='ltr'>est</span> <span class='ocrx_word' id='word_1_26' title='bbox 582 279 755 313; x_wconf 79' lang='lat' dir='ltr'>Dominus</span> <span class='ocrx_word' id='word_1_27' title='bbox 788 280 831 312; x_wconf 87' lang='lat' dir='ltr'>ad</span> <span class='ocrx_word' id='word_1_28' title='bbox 854 279 977 314; x_wconf 82' lang='lat' dir='ltr'>Mosen</span> <span class='ocrx_word' id='word_1_29' title='bbox 1002 288 1034 312; x_wconf 87' lang='lat' dir='ltr'>et</span> <span class='ocrx_word' id='word_1_30' title='bbox 1058 281 1186 320; x_wconf 81' lang='lat' dir='ltr'>Aaron,</span> 
     </span>
     <span class='ocr_line' id='line_1_5' title="bbox 53 340 1187 387; baseline -0.004 -8"><span class='ocrx_word' id='word_1_31' title='bbox 53 345 188 379; x_wconf 83' lang='lat' dir='ltr'>dicens:</span> <span class='ocrx_word' id='word_1_32' title='bbox 213 340 372 376; x_wconf 79' lang='lat' dir='ltr'>discedite</span> <span class='ocrx_word' id='word_1_33' title='bbox 395 342 438 374; x_wconf 90' lang='lat' dir='ltr'>de</span> <span class='ocrx_word' id='word_1_34' title='bbox 461 341 574 374; x_wconf 89' lang='lat' dir='ltr'>medio</span> <span class='ocrx_word' id='word_1_35' title='bbox 600 353 786 387; x_wconf 67' lang='lat' dir='ltr'>synagogae</span> <span class='ocrx_word' id='word_1_36' title='bbox 808 340 919 385; x_wconf 76' lang='lat' dir='ltr'>hujuS,</span> <span class='ocrx_word' id='word_1_37' title='bbox 942 351 973 374; x_wconf 83' lang='lat' dir='ltr'>et</span> <span class='ocrx_word' id='word_1_38' title='bbox 993 341 1187 374; x_wconf 75' lang='lat' dir='ltr'>interimam</span> 
     </span>
     <span class='ocr_line' id='line_1_6' title="bbox 53 402 1186 439; baseline -0.004 0"><span class='ocrx_word' id='word_1_39' title='bbox 53 419 112 439; x_wconf 75' lang='lat' dir='ltr'>eos</span> <span class='ocrx_word' id='word_1_40' title='bbox 145 404 259 438; x_wconf 86' lang='lat' dir='ltr'>semel.</span> <span class='ocrx_word' id='word_1_41' title='bbox 315 403 359 436; x_wconf 87' lang='lat' dir='ltr'>Et</span> <span class='ocrx_word' id='word_1_42' title='bbox 394 402 588 437; x_wconf 87' lang='lat' dir='ltr'>ceciderunt</span> <span class='ocrx_word' id='word_1_43' title='bbox 622 403 735 436; x_wconf 84' lang='lat' dir='ltr'>Moses</span> <span class='ocrx_word' id='word_1_44' title='bbox 773 412 806 435; x_wconf 90' lang='lat' dir='ltr'>et</span> <span class='ocrx_word' id='word_1_45' title='bbox 843 404 960 435; x_wconf 87' lang='lat' dir='ltr'>Aaron</span> <span class='ocrx_word' id='word_1_46' title='bbox 991 402 1026 435; x_wconf 90' lang='lat' dir='ltr'>in</span> <span class='ocrx_word' id='word_1_47' title='bbox 1064 403 1186 436; x_wconf 74' lang='lat' dir='ltr'>faciem</span> 
     </span>
     <span class='ocr_line' id='line_1_7' title="bbox 52 463 1187 510; baseline -0.003 -11"><span class='ocrx_word' id='word_1_48' title='bbox 52 470 179 499; x_wconf 80' lang='lat' dir='ltr'>suam.“</span> <span class='ocrx_word' id='word_1_49' title='bbox 230 465 269 497; x_wconf 92' lang='lat' dir='ltr'>In</span> <span class='ocrx_word' id='word_1_50' title='bbox 295 464 456 498; x_wconf 76' lang='lat' dir='ltr'>Sodomis</span> <span class='ocrx_word' id='word_1_51' title='bbox 478 464 616 510; x_wconf 85' lang='lat' dir='ltr'>quidem</span> <span class='ocrx_word' id='word_1_52' title='bbox 643 465 780 509; x_wconf 90' lang='lat' dir='ltr'>quando</span> <span class='ocrx_word' id='word_1_53' title='bbox 808 463 898 508; x_wconf 61' lang='lat'>2:11²)</span> <span class='ocrx_word' id='word_1_54' title='bbox 922 463 1102 497; x_wconf 89' lang='lat' dir='ltr'>minimum</span> <span class='ocrx_word' id='word_1_55' title='bbox 1128 465 1187 496; x_wconf 90' lang='lat' dir='ltr'>de-</span> 
     </span>
     <span class='ocr_line' id='line_1_8' title="bbox 52 525 1186 572; baseline -0.004 -11"><span class='ocrx_word' id='word_1_56' title='bbox 52 541 126 561; x_wconf 90' lang='lat' dir='ltr'>cem</span> <span class='ocrx_word' id='word_1_57' title='bbox 151 527 428 572; x_wconf 75' lang='lat' dir='ltr'>requirebantur,</span> <span class='ocrx_word' id='word_1_58' title='bbox 456 539 517 571; x_wconf 85' lang='lat' dir='ltr'>per</span> <span class='ocrx_word' id='word_1_59' title='bbox 540 539 626 570; x_wconf 90' lang='lat' dir='ltr'>quos</span> <span class='ocrx_word' id='word_1_60' title='bbox 649 526 719 566; x_wconf 84' lang='lat' dir='ltr'>vix,</span> <span class='ocrx_word' id='word_1_61' title='bbox 749 525 777 559; x_wconf 91' lang='lat' dir='ltr'>si</span> <span class='ocrx_word' id='word_1_62' title='bbox 806 526 896 558; x_wconf 86' lang='lat' dir='ltr'>forte</span> <span class='ocrx_word' id='word_1_63' title='bbox 919 525 1044 570; x_wconf 87' lang='lat' dir='ltr'>reperti</span> <span class='ocrx_word' id='word_1_64' title='bbox 1069 534 1186 565; x_wconf 84' lang='lat' dir='ltr'>essent,</span> 
     </span>
     <span class='ocr_line' id='line_1_9' title="bbox 51 586 1187 634; baseline -0.004 -10"><span class='ocrx_word' id='word_1_65' title='bbox 51 589 171 623; x_wconf 86' lang='lat' dir='ltr'>salvari</span> <span class='ocrx_word' id='word_1_66' title='bbox 193 598 331 634; x_wconf 85' lang='lat' dir='ltr'>possent</span> <span class='ocrx_word' id='word_1_67' title='bbox 354 587 387 628; x_wconf 90' lang='lat' dir='ltr'>ii,</span> <span class='ocrx_word' id='word_1_68' title='bbox 413 588 469 633; x_wconf 93' lang='lat' dir='ltr'>qui</span> <span class='ocrx_word' id='word_1_69' title='bbox 490 588 686 621; x_wconf 81' lang='lat' dir='ltr'>habitabant</span> <span class='ocrx_word' id='word_1_70' title='bbox 702 586 918 632; x_wconf 82' lang='lat' dir='ltr'>Pentapolim</span> <span class='ocrx_word' id='word_1_71' title='bbox 933 587 1187 621; x_wconf 85' lang='lat' dir='ltr'>Sodomorum:</span> 
     </span>
     <span class='ocr_line' id='line_1_10' title="bbox 50 648 1188 692; baseline -0.001 -10"><span class='ocrx_word' id='word_1_72' title='bbox 50 663 144 682; x_wconf 86' lang='lat' dir='ltr'>nunc</span> <span class='ocrx_word' id='word_1_73' title='bbox 167 659 279 682; x_wconf 88' lang='lat' dir='ltr'>autem</span> <span class='ocrx_word' id='word_1_74' title='bbox 305 648 402 682; x_wconf 86' lang='lat' dir='ltr'>etiam</span> <span class='ocrx_word' id='word_1_75' title='bbox 428 650 517 688; x_wconf 75' lang='lat' dir='ltr'>due,</span> <span class='ocrx_word' id='word_1_76' title='bbox 542 649 568 682; x_wconf 90' lang='lat' dir='ltr'>si</span> <span class='ocrx_word' id='word_1_77' title='bbox 593 659 706 682; x_wconf 86' lang='lat' dir='ltr'>tamen</span> <span class='ocrx_word' id='word_1_78' title='bbox 727 648 958 689; x_wconf 83' lang='lat' dir='ltr'>inveniantur,</span> <span class='ocrx_word' id='word_1_79' title='bbox 979 649 1082 688; x_wconf 87' lang='lat' dir='ltr'>tales,</span> <span class='ocrx_word' id='word_1_80' title='bbox 1104 661 1188 692; x_wconf 87' lang='lat' dir='ltr'>qua-</span> 
     </span>
     <span class='ocr_line' id='line_1_11' title="bbox 51 710 1188 755; baseline -0.002 -11"><span class='ocrx_word' id='word_1_81' title='bbox 51 710 91 745; x_wconf 84' lang='lat' dir='ltr'>lis</span> <span class='ocrx_word' id='word_1_82' title='bbox 111 711 226 745; x_wconf 88' lang='lat' dir='ltr'>Moses</span> <span class='ocrx_word' id='word_1_83' title='bbox 249 711 313 744; x_wconf 80' lang='lat' dir='ltr'>fuit</span> <span class='ocrx_word' id='word_1_84' title='bbox 337 719 370 743; x_wconf 87' lang='lat' dir='ltr'>et</span> <span class='ocrx_word' id='word_1_85' title='bbox 395 712 520 750; x_wconf 87' lang='lat' dir='ltr'>Aaron,</span> <span class='ocrx_word' id='word_1_86' title='bbox 545 712 699 745; x_wconf 80' lang='lat' dir='ltr'>sufficere</span> <span class='ocrx_word' id='word_1_87' title='bbox 721 720 872 755; x_wconf 82' lang='lat' dir='ltr'>possunt,</span> <span class='ocrx_word' id='word_1_88' title='bbox 896 720 933 744; x_wconf 90' lang='lat' dir='ltr'>ut</span> <span class='ocrx_word' id='word_1_89' title='bbox 957 723 1036 752; x_wconf 82' lang='lat' dir='ltr'>gens</span> <span class='ocrx_word' id='word_1_90' title='bbox 1056 710 1188 743; x_wconf 86' lang='lat' dir='ltr'>Israeli-</span> 
     </span>
     <span class='ocr_line' id='line_1_12' title="bbox 51 771 1188 817; baseline -0.001 -12"><span class='ocrx_word' id='word_1_91' title='bbox 51 782 162 806; x_wconf 80' lang='lat' dir='ltr'>tarum</span> <span class='ocrx_word' id='word_1_92' title='bbox 187 782 257 807; x_wconf 77' lang='lat' dir='ltr'>tota</span> <span class='ocrx_word' id='word_1_93' title='bbox 281 773 434 805; x_wconf 88' lang='lat' dir='ltr'>salvetur.</span> <span class='ocrx_word' id='word_1_94' title='bbox 488 772 582 816; x_wconf 84' lang='lat' dir='ltr'>Quid</span> <span class='ocrx_word' id='word_1_95' title='bbox 613 785 691 815; x_wconf 84' lang='lat' dir='ltr'>ergo</span> <span class='ocrx_word' id='word_1_96' title='bbox 717 772 867 806; x_wconf 83' lang='lat' dir='ltr'>dicemus</span> <span class='ocrx_word' id='word_1_97' title='bbox 891 772 1035 817; x_wconf 86' lang='lat' dir='ltr'>amplius</span> <span class='ocrx_word' id='word_1_98' title='bbox 1059 784 1128 805; x_wconf 87' lang='lat' dir='ltr'>essc</span> <span class='ocrx_word' id='word_1_99' title='bbox 1151 771 1188 804; x_wconf 83' lang='lat' dir='ltr'>in</span> 
     </span>
     <span class='ocr_line' id='line_1_13' title="bbox 51 833 1189 879; baseline -0.002 -12"><span class='ocrx_word' id='word_1_100' title='bbox 51 833 91 867; x_wconf 83' lang='lat' dir='ltr'>iis</span> <span class='ocrx_word' id='word_1_101' title='bbox 119 833 278 867; x_wconf 84' lang='lat' dir='ltr'>duobus?</span> <span class='ocrx_word' id='word_1_102' title='bbox 327 834 426 878; x_wconf 81' lang='lat' dir='ltr'>Quae</span> <span class='ocrx_word' id='word_1_103' title='bbox 457 844 549 868; x_wconf 85' lang='lat' dir='ltr'>tanta</span> <span class='ocrx_word' id='word_1_104' title='bbox 573 834 685 874; x_wconf 85' lang='lat' dir='ltr'>virtus,</span> <span class='ocrx_word' id='word_1_105' title='bbox 711 835 806 879; x_wconf 87' lang='lat' dir='ltr'>quod</span> <span class='ocrx_word' id='word_1_106' title='bbox 829 834 999 874; x_wconf 87' lang='lat' dir='ltr'>meritum,</span> <span class='ocrx_word' id='word_1_107' title='bbox 1024 847 1092 878; x_wconf 91' lang='lat' dir='ltr'>quo</span> <span class='ocrx_word' id='word_1_108' title='bbox 1116 845 1189 866; x_wconf 81' lang='lat' dir='ltr'>sex-</span> 
     </span>
     <span class='ocr_line' id='line_1_14' title="bbox 52 895 1187 941; baseline -0.001 -13"><span class='ocrx_word' id='word_1_109' title='bbox 52 904 157 928; x_wconf 89' lang='lat' dir='ltr'>centa·</span> <span class='ocrx_word' id='word_1_110' title='bbox 173 895 280 928; x_wconf 87' lang='lat' dir='ltr'>millia</span> <span class='ocrx_word' id='word_1_111' title='bbox 310 905 342 928; x_wconf 86' lang='lat' dir='ltr'>et</span> <span class='ocrx_word' id='word_1_112' title='bbox 366 909 406 930; x_wconf 89' lang='lat' dir='ltr'>eo</span> <span class='ocrx_word' id='word_1_113' title='bbox 432 896 577 941; x_wconf 86' lang='lat' dir='ltr'>amplius</span> <span class='ocrx_word' id='word_1_114' title='bbox 600 897 788 929; x_wconf 83' lang='lat' dir='ltr'>liberentur</span> <span class='ocrx_word' id='word_1_115' title='bbox 818 897 860 929; x_wconf 81' lang='lat' dir='ltr'>ab</span> <span class='ocrx_word' id='word_1_116' title='bbox 884 896 1021 929; x_wconf 88' lang='lat' dir='ltr'>interitu</span> <span class='ocrx_word' id='word_1_117' title='bbox 1044 904 1187 928; x_wconf 80' lang='lat' dir='ltr'>vastato-</span> 
     </span>
     <span class='ocr_line' id='line_1_15' title="bbox 53 956 1188 1002; baseline -0.002 -11"><span class='ocrx_word' id='word_1_118' title='bbox 53 956 124 991; x_wconf 82' lang='lat' dir='ltr'>ris?</span> <span class='ocrx_word' id='word_1_119' title='bbox 169 957 244 999; x_wconf 84' lang='lat' dir='ltr'>Ego</span> <span class='ocrx_word' id='word_1_120' title='bbox 270 957 435 998; x_wconf 82' lang='lat' dir='ltr'>arbitror,</span> <span class='ocrx_word' id='word_1_121' title='bbox 468 959 562 1002; x_wconf 90' lang='lat' dir='ltr'>quod</span> <span class='ocrx_word' id='word_1_122' title='bbox 593 957 629 990; x_wconf 91' lang='lat' dir='ltr'>in</span> <span class='ocrx_word' id='word_1_123' title='bbox 650 957 750 991; x_wconf 85' lang='lat' dir='ltr'>Mose</span> <span class='ocrx_word' id='word_1_124' title='bbox 773 958 824 990; x_wconf 82' lang='lat' dir='ltr'>lex</span> <span class='ocrx_word' id='word_1_125' title='bbox 847 957 1070 1000; x_wconf 84' lang='lat' dir='ltr'>significetur,</span> <span class='ocrx_word' id='word_1_126' title='bbox 1100 969 1188 1002; x_wconf 81' lang='lat' dir='ltr'>quae</span> 
     </span>
     <span class='ocr_line' id='line_1_16' title="bbox 54 1019 1188 1063; baseline 0 -11"><span class='ocrx_word' id='word_1_127' title='bbox 54 1020 155 1052; x_wconf 83' lang='lat' dir='ltr'>docet</span> <span class='ocrx_word' id='word_1_128' title='bbox 177 1019 333 1052; x_wconf 81' lang='lat' dir='ltr'>homines</span> <span class='ocrx_word' id='word_1_129' title='bbox 355 1019 526 1053; x_wconf 87' lang='lat' dir='ltr'>scientiam</span> <span class='ocrx_word' id='word_1_130' title='bbox 551 1029 582 1052; x_wconf 89' lang='lat' dir='ltr'>et</span> <span class='ocrx_word' id='word_1_131' title='bbox 607 1032 760 1053; x_wconf 85' lang='lat' dir='ltr'>amorem</span> <span class='ocrx_word' id='word_1_132' title='bbox 784 1019 868 1052; x_wconf 78' lang='lat' dir='ltr'>Dei:</span> <span class='ocrx_word' id='word_1_133' title='bbox 899 1019 936 1052; x_wconf 90' lang='lat' dir='ltr'>in</span> <span class='ocrx_word' id='word_1_134' title='bbox 966 1021 1084 1052; x_wconf 83' lang='lat' dir='ltr'>Aaron</span> <span class='ocrx_word' id='word_1_135' title='bbox 1107 1032 1188 1063; x_wconf 89' lang='lat' dir='ltr'>sup-</span> 
     </span>
     <span class='ocr_line' id='line_1_17' title="bbox 53 1080 1187 1124; baseline -0.001 -10"><span class='ocrx_word' id='word_1_136' title='bbox 53 1080 205 1124; x_wconf 84' lang='lat' dir='ltr'>plicandi</span> <span class='ocrx_word' id='word_1_137' title='bbox 230 1081 318 1121; x_wconf 88' lang='lat' dir='ltr'>Deo,</span> <span class='ocrx_word' id='word_1_138' title='bbox 341 1091 373 1114; x_wconf 88' lang='lat' dir='ltr'>et</span> <span class='ocrx_word' id='word_1_139' title='bbox 397 1080 598 1114; x_wconf 84' lang='lat' dir='ltr'>obsecrandi</span> <span class='ocrx_word' id='word_1_140' title='bbox 623 1094 700 1113; x_wconf 90' lang='lat' dir='ltr'>eum</span> <span class='ocrx_word' id='word_1_141' title='bbox 724 1082 835 1114; x_wconf 85' lang='lat' dir='ltr'>forma</span> <span class='ocrx_word' id='word_1_142' title='bbox 852 1081 1018 1114; x_wconf 84' lang='lat' dir='ltr'>consistat.</span> <span class='ocrx_word' id='word_1_143' title='bbox 1056 1081 1093 1113; x_wconf 87' lang='lat' dir='ltr'>Si</span> <span class='ocrx_word' id='word_1_144' title='bbox 1108 1093 1187 1122; x_wconf 84' lang='lat' dir='ltr'>ergo</span> 
     </span>
     <span class='ocr_line' id='line_1_18' title="bbox 54 1141 1187 1186; baseline 0 -12"><span class='ocrx_word' id='word_1_145' title='bbox 54 1142 186 1175; x_wconf 84' lang='lat' dir='ltr'>accidat</span> <span class='ocrx_word' id='word_1_146' title='bbox 216 1142 400 1186; x_wconf 85' lang='lat' dir='ltr'>aliquando</span> <span class='ocrx_word' id='word_1_147' title='bbox 437 1141 605 1184; x_wconf 82' lang='lat' dir='ltr'>indignari</span> <span class='ocrx_word' id='word_1_148' title='bbox 640 1142 740 1175; x_wconf 82' lang='lat' dir='ltr'>nobis</span> <span class='ocrx_word' id='word_1_149' title='bbox 774 1144 825 1175; x_wconf 90' lang='lat' dir='ltr'>vel</span> <span class='ocrx_word' id='word_1_150' title='bbox 857 1142 1012 1176; x_wconf 79' lang='lat' dir='ltr'>universo</span> <span class='ocrx_word' id='word_1_151' title='bbox 1053 1143 1187 1186; x_wconf 90' lang='lat' dir='ltr'>populo</span> 
     </span>
     <span class='ocr_line' id='line_1_19' title="bbox 54 1202 1189 1249; baseline 0 -14"><span class='ocrx_word' id='word_1_152' title='bbox 54 1203 187 1243; x_wconf 88' lang='lat' dir='ltr'>Deum,</span> <span class='ocrx_word' id='word_1_153' title='bbox 217 1212 249 1235; x_wconf 90' lang='lat' dir='ltr'>et</span> <span class='ocrx_word' id='word_1_154' title='bbox 279 1205 306 1237; x_wconf 90' lang='lat' dir='ltr'>si</span> <span class='ocrx_word' id='word_1_155' title='bbox 333 1202 402 1249; x_wconf 84' lang='lat' dir='ltr'>jam</span> <span class='ocrx_word' id='word_1_156' title='bbox 433 1204 597 1236; x_wconf 81' lang='lat' dir='ltr'>sententia</span> <span class='ocrx_word' id='word_1_157' title='bbox 629 1203 766 1236; x_wconf 87' lang='lat' dir='ltr'>ultionis</span> <span class='ocrx_word' id='word_1_158' title='bbox 790 1204 954 1248; x_wconf 87' lang='lat' dir='ltr'>procedat</span> <span class='ocrx_word' id='word_1_159' title='bbox 977 1216 994 1235; x_wconf 87' lang='lat' dir='ltr'>a</span> <span class='ocrx_word' id='word_1_160' title='bbox 1019 1203 1189 1243; x_wconf 87' lang='lat' dir='ltr'>Domino,</span> 
     </span>
     <span class='ocr_line' id='line_1_20' title="bbox 54 1263 1188 1306; baseline 0.001 -9"><span class='ocrx_word' id='word_1_161' title='bbox 54 1265 173 1297; x_wconf 84' lang='lat' dir='ltr'>redeat</span> <span class='ocrx_word' id='word_1_162' title='bbox 194 1273 307 1297; x_wconf 87' lang='lat' dir='ltr'>autem</span> <span class='ocrx_word' id='word_1_163' title='bbox 332 1265 384 1296; x_wconf 87' lang='lat' dir='ltr'>lex</span> <span class='ocrx_word' id='word_1_164' title='bbox 416 1263 482 1296; x_wconf 83' lang='lat' dir='ltr'>Dei</span> <span class='ocrx_word' id='word_1_165' title='bbox 517 1264 550 1296; x_wconf 88' lang='lat' dir='ltr'>in</span> <span class='ocrx_word' id='word_1_166' title='bbox 577 1278 638 1297; x_wconf 91' lang='lat' dir='ltr'>cor</span> <span class='ocrx_word' id='word_1_167' title='bbox 660 1273 833 1306; x_wconf 85' lang='lat' dir='ltr'>nostrum,</span> <span class='ocrx_word' id='word_1_168' title='bbox 869 1278 1090 1298; x_wconf 83' lang='lat' dir='ltr'>commonens</span> <span class='ocrx_word' id='word_1_169' title='bbox 1115 1279 1188 1305; x_wconf 85' lang='lat' dir='ltr'>nos,</span> 
     </span>
     <span class='ocr_line' id='line_1_21' title="bbox 55 1325 1188 1371; baseline 0 -13"><span class='ocrx_word' id='word_1_170' title='bbox 55 1334 88 1358; x_wconf 84' lang='lat' dir='ltr'>et</span> <span class='ocrx_word' id='word_1_171' title='bbox 111 1326 236 1359; x_wconf 83' lang='lat' dir='ltr'>docens</span> <span class='ocrx_word' id='word_1_172' title='bbox 260 1325 411 1359; x_wconf 85' lang='lat' dir='ltr'>converti</span> <span class='ocrx_word' id='word_1_173' title='bbox 435 1327 478 1358; x_wconf 84' lang='lat' dir='ltr'>ad</span> <span class='ocrx_word' id='word_1_174' title='bbox 501 1325 766 1370; x_wconf 86' lang='lat' dir='ltr'>poenitentiam,</span> <span class='ocrx_word' id='word_1_175' title='bbox 795 1326 986 1359; x_wconf 79' lang='lat' dir='ltr'>satisfacere</span> <span class='ocrx_word' id='word_1_176' title='bbox 1014 1340 1077 1371; x_wconf 88' lang='lat' dir='ltr'>pro</span> <span class='ocrx_word' id='word_1_177' title='bbox 1104 1326 1188 1359; x_wconf 80' lang='lat' dir='ltr'>deli-</span> 
     </span>
     <span class='ocr_line' id='line_1_22' title="bbox 54 1387 1189 1432; baseline -0.001 -12"><span class='ocrx_word' id='word_1_178' title='bbox 54 1387 133 1426; x_wconf 87' lang='lat' dir='ltr'>ctis,</span> <span class='ocrx_word' id='word_1_179' title='bbox 160 1387 353 1431; x_wconf 87' lang='lat' dir='ltr'>supplicare</span> <span class='ocrx_word' id='word_1_180' title='bbox 388 1399 453 1432; x_wconf 90' lang='lat' dir='ltr'>pro</span> <span class='ocrx_word' id='word_1_181' title='bbox 478 1387 604 1432; x_wconf 88' lang='lat' dir='ltr'>culpis:</span> <span class='ocrx_word' id='word_1_182' title='bbox 636 1387 775 1420; x_wconf 84' lang='lat' dir='ltr'>cessabit</span> <span class='ocrx_word' id='word_1_183' title='bbox 806 1388 970 1420; x_wconf 87' lang='lat' dir='ltr'>continuo</span> <span class='ocrx_word' id='word_1_184' title='bbox 1001 1387 1189 1429; x_wconf 76' lang='lat' dir='ltr'>iracundia,</span> 
     </span>
     <span class='ocr_line' id='line_1_23' title="bbox 52 1447 1189 1494; baseline 0 -12"><span class='ocrx_word' id='word_1_185' title='bbox 52 1447 242 1490; x_wconf 83' lang='lat' dir='ltr'>indignatio</span> <span class='ocrx_word' id='word_1_186' title='bbox 268 1448 494 1493; x_wconf 85' lang='lat' dir='ltr'>conquiescet,</span> <span class='ocrx_word' id='word_1_187' title='bbox 516 1447 760 1494; x_wconf 84' lang='lat' dir='ltr'>propitiabitur</span> <span class='ocrx_word' id='word_1_188' title='bbox 777 1449 956 1490; x_wconf 83' lang='lat' dir='ltr'>Dominus,</span> <span class='ocrx_word' id='word_1_189' title='bbox 981 1450 1078 1494; x_wconf 85' lang='lat' dir='ltr'>quasi</span> <span class='ocrx_word' id='word_1_190' title='bbox 1090 1450 1189 1482; x_wconf 86' lang='lat' dir='ltr'>Mose</span> 
     </span>
     <span class='ocr_line' id='line_1_24' title="bbox 55 1509 1189 1556; baseline 0 -12"><span class='ocrx_word' id='word_1_191' title='bbox 55 1520 87 1544; x_wconf 82' lang='lat' dir='ltr'>et</span> <span class='ocrx_word' id='word_1_192' title='bbox 109 1512 226 1543; x_wconf 88' lang='lat' dir='ltr'>Aaron</span> <span class='ocrx_word' id='word_1_193' title='bbox 249 1509 536 1544; x_wconf 79' lang='lat' dir='ltr'>intercedentibus</span> <span class='ocrx_word' id='word_1_194' title='bbox 565 1524 632 1554; x_wconf 86' lang='lat' dir='ltr'>pro</span> <span class='ocrx_word' id='word_1_195' title='bbox 657 1511 775 1551; x_wconf 84' lang='lat' dir='ltr'>nobis,</span> <span class='ocrx_word' id='word_1_196' title='bbox 800 1520 831 1544; x_wconf 91' lang='lat' dir='ltr'>et</span> <span class='ocrx_word' id='word_1_197' title='bbox 854 1524 918 1556; x_wconf 92' lang='lat' dir='ltr'>pro</span> <span class='ocrx_word' id='word_1_198' title='bbox 942 1511 1099 1544; x_wconf 85' lang='lat' dir='ltr'>universo</span> <span class='ocrx_word' id='word_1_199' title='bbox 1123 1525 1189 1556; x_wconf 88' lang='lat' dir='ltr'>po-</span> 
     </span>
     <span class='ocr_line' id='line_1_25' title="bbox 51 1571 1189 1618; baseline 0.001 -13"><span class='ocrx_word' id='word_1_200' title='bbox 51 1573 136 1618; x_wconf 80' lang='lat' dir='ltr'>pulo</span> <span class='ocrx_word' id='word_1_201' title='bbox 159 1571 437 1617; x_wconf 85' lang='lat' dir='ltr'>supplicantibus.</span> <span class='ocrx_word' id='word_1_202' title='bbox 491 1572 528 1605; x_wconf 90' lang='lat' dir='ltr'>Si</span> <span class='ocrx_word' id='word_1_203' title='bbox 560 1585 641 1605; x_wconf 87' lang='lat' dir='ltr'>vero</span> <span class='ocrx_word' id='word_1_204' title='bbox 666 1573 849 1617; x_wconf 88' lang='lat' dir='ltr'>aliquando</span> <span class='ocrx_word' id='word_1_205' title='bbox 883 1573 1011 1607; x_wconf 85' lang='lat' dir='ltr'>oriatur</span> <span class='ocrx_word' id='word_1_206' title='bbox 1033 1573 1189 1616; x_wconf 85' lang='lat' dir='ltr'>indigna-</span> 
     </span>
     <span class='ocr_line' id='line_1_26' title="bbox 52 1633 1187 1680; baseline 0.002 -14"><span class='ocrx_word' id='word_1_207' title='bbox 52 1633 101 1667; x_wconf 77' lang='lat' dir='ltr'>tio</span> <span class='ocrx_word' id='word_1_208' title='bbox 125 1633 210 1674; x_wconf 88' lang='lat' dir='ltr'>Dei,</span> <span class='ocrx_word' id='word_1_209' title='bbox 243 1642 275 1666; x_wconf 87' lang='lat' dir='ltr'>et</span> <span class='ocrx_word' id='word_1_210' title='bbox 306 1633 415 1667; x_wconf 86' lang='lat' dir='ltr'>veniat</span> <span class='ocrx_word' id='word_1_211' title='bbox 444 1646 508 1679; x_wconf 84' lang='lat' dir='ltr'>pro</span> <span class='ocrx_word' id='word_1_212' title='bbox 540 1635 685 1678; x_wconf 84' lang='lat' dir='ltr'>peccatis</span> <span class='ocrx_word' id='word_1_213' title='bbox 715 1635 839 1668; x_wconf 87' lang='lat' dir='ltr'>nostris</span> <span class='ocrx_word' id='word_1_214' title='bbox 868 1648 965 1668; x_wconf 84' lang='lat' dir='ltr'>saeva</span> <span class='ocrx_word' id='word_1_215' title='bbox 997 1637 1187 1680; x_wconf 82' lang='lat' dir='ltr'>correptio:</span> 
     </span>
     <span class='ocr_line' id='line_1_27' title="bbox 53 1694 1188 1736; baseline 0.001 -9"><span class='ocrx_word' id='word_1_216' title='bbox 53 1694 257 1728; x_wconf 85' lang='lat' dir='ltr'>indurentur</span> <span class='ocrx_word' id='word_1_217' title='bbox 281 1705 392 1729; x_wconf 86' lang='lat' dir='ltr'>autem</span> <span class='ocrx_word' id='word_1_218' title='bbox 418 1696 523 1729; x_wconf 84' lang='lat' dir='ltr'>corda</span> <span class='ocrx_word' id='word_1_219' title='bbox 552 1705 685 1736; x_wconf 89' lang='lat' dir='ltr'>nostra,</span> <span class='ocrx_word' id='word_1_220' title='bbox 715 1710 759 1729; x_wconf 88' lang='lat' dir='ltr'>ne</span> <span class='ocrx_word' id='word_1_221' title='bbox 784 1706 1021 1730; x_wconf 81' lang='lat' dir='ltr'>convertamur</span> <span class='ocrx_word' id='word_1_222' title='bbox 1045 1698 1087 1730; x_wconf 84' lang='lat' dir='ltr'>ad</span> <span class='ocrx_word' id='word_1_223' title='bbox 1112 1697 1188 1729; x_wconf 90' lang='lat' dir='ltr'>Do-</span> 
     </span>
     <span class='ocr_line' id='line_1_28' title="bbox 53 1756 1186 1804; baseline 0.002 -14"><span class='ocrx_word' id='word_1_224' title='bbox 53 1756 204 1796; x_wconf 80' lang='lat' dir='ltr'>minum,</span> <span class='ocrx_word' id='word_1_225' title='bbox 231 1770 316 1790; x_wconf 81' lang='lat' dir='ltr'>neve</span> <span class='ocrx_word' id='word_1_226' title='bbox 341 1757 557 1791; x_wconf 85' lang='lat' dir='ltr'>humiliemur</span> <span class='ocrx_word' id='word_1_227' title='bbox 587 1759 621 1791; x_wconf 91' lang='lat' dir='ltr'>in</span> <span class='ocrx_word' id='word_1_228' title='bbox 646 1769 830 1804; x_wconf 87' lang='lat' dir='ltr'>conspectu</span> <span class='ocrx_word' id='word_1_229' title='bbox 855 1758 943 1804; x_wconf 83' lang='lat' dir='ltr'>ejus,</span> <span class='ocrx_word' id='word_1_230' title='bbox 984 1769 1019 1792; x_wconf 92' lang='lat' dir='ltr'>ut</span> <span class='ocrx_word' id='word_1_231' title='bbox 1042 1759 1077 1791; x_wconf 88' lang='lat' dir='ltr'>in</span> <span class='ocrx_word' id='word_1_232' title='bbox 1103 1772 1186 1792; x_wconf 85' lang='lat' dir='ltr'>con-</span> 
     </span>
     <span class='ocr_line' id='line_1_29' title="bbox 56 1818 1188 1866; baseline 0.002 -15"><span class='ocrx_word' id='word_1_233' title='bbox 56 1818 202 1851; x_wconf 83' lang='lat' dir='ltr'>sessione</span> <span class='ocrx_word' id='word_1_234' title='bbox 225 1819 510 1863; x_wconf 80' lang='lat' dir='ltr'>supplicationum</span> <span class='ocrx_word' id='word_1_235' title='bbox 536 1829 648 1853; x_wconf 86' lang='lat' dir='ltr'>motus</span> <span class='ocrx_word' id='word_1_236' title='bbox 674 1820 744 1866; x_wconf 87' lang='lat' dir='ltr'>ejus</span> <span class='ocrx_word' id='word_1_237' title='bbox 769 1830 801 1854; x_wconf 89' lang='lat' dir='ltr'>et</span> <span class='ocrx_word' id='word_1_238' title='bbox 821 1821 1033 1854; x_wconf 76' lang='lat' dir='ltr'>iracundiam</span> <span class='ocrx_word' id='word_1_239' title='bbox 1058 1820 1188 1862; x_wconf 79' lang='lat' dir='ltr'>mitige-</span> 
     </span>
     <span class='ocr_line' id='line_1_30' title="bbox 53 1880 1188 1916; baseline 0.004 -5"><span class='ocrx_word' id='word_1_240' title='bbox 53 1892 145 1912; x_wconf 88' lang='lat' dir='ltr'>mus:</span> <span class='ocrx_word' id='word_1_241' title='bbox 169 1880 228 1912; x_wconf 87' lang='lat' dir='ltr'>sed</span> <span class='ocrx_word' id='word_1_242' title='bbox 253 1892 271 1912; x_wconf 92' lang='lat' dir='ltr'>e</span> <span class='ocrx_word' id='word_1_243' title='bbox 295 1880 465 1913; x_wconf 84' lang='lat' dir='ltr'>contrario</span> <span class='ocrx_word' id='word_1_244' title='bbox 491 1880 657 1914; x_wconf 80' lang='lat' dir='ltr'>dicamus:</span> <span class='ocrx_word' id='word_1_245' title='bbox 680 1895 753 1914; x_wconf 86' lang='lat' dir='ltr'>non</span> <span class='ocrx_word' id='word_1_246' title='bbox 778 1891 825 1914; x_wconf 89' lang='lat' dir='ltr'>cst</span> <span class='ocrx_word' id='word_1_247' title='bbox 849 1895 928 1915; x_wconf 86' lang='lat' dir='ltr'>cura</span> <span class='ocrx_word' id='word_1_248' title='bbox 952 1882 1029 1915; x_wconf 89' lang='lat' dir='ltr'>Deo</span> <span class='ocrx_word' id='word_1_249' title='bbox 1055 1882 1098 1915; x_wconf 90' lang='lat' dir='ltr'>de</span> <span class='ocrx_word' id='word_1_250' title='bbox 1121 1882 1188 1916; x_wconf 81' lang='lat' dir='ltr'>vita</span> 
     </span>
     <span class='ocr_line' id='line_1_31' title="bbox 53 1940 1187 1988; baseline 0.004 -15"><span class='ocrx_word' id='word_1_251' title='bbox 53 1940 271 1981; x_wconf 72' lang='lat' dir='ltr'>mortalium,</span> <span class='ocrx_word' id='word_1_252' title='bbox 306 1954 368 1974; x_wconf 88' lang='lat' dir='ltr'>nec</span> <span class='ocrx_word' id='word_1_253' title='bbox 398 1941 570 1986; x_wconf 85' lang='lat' dir='ltr'>pertinent</span> <span class='ocrx_word' id='word_1_254' title='bbox 603 1943 685 1975; x_wconf 86' lang='lat' dir='ltr'>haec</span> <span class='ocrx_word' id='word_1_255' title='bbox 717 1943 760 1976; x_wconf 85' lang='lat' dir='ltr'>ad</span> <span class='ocrx_word' id='word_1_256' title='bbox 791 1943 922 1984; x_wconf 89' lang='lat' dir='ltr'>Deum,</span> <span class='ocrx_word' id='word_1_257' title='bbox 959 1943 1094 1988; x_wconf 87' lang='lat' dir='ltr'>reliquit</span> <span class='ocrx_word' id='word_1_258' title='bbox 1123 1956 1187 1977; x_wconf 87' lang='lat' dir='ltr'>nos</span> 
     </span>
     <span class='ocr_line' id='line_1_32' title="bbox 56 2000 1186 2051; baseline 0.002 -17"><span class='ocrx_word' id='word_1_259' title='bbox 56 2000 148 2051; x_wconf 76' lang='lat' dir='ltr'>olim,</span> <span class='ocrx_word' id='word_1_260' title='bbox 172 2015 235 2035; x_wconf 86' lang='lat' dir='ltr'>nec</span> <span class='ocrx_word' id='word_1_261' title='bbox 259 2004 301 2036; x_wconf 86' lang='lat' dir='ltr'>ad</span> <span class='ocrx_word' id='word_1_262' title='bbox 325 2003 479 2037; x_wconf 82' lang='lat' dir='ltr'>notitiam</span> <span class='ocrx_word' id='word_1_263' title='bbox 504 2003 574 2049; x_wconf 80' lang='lat' dir='ltr'>ejus</span> <span class='ocrx_word' id='word_1_264' title='bbox 604 2004 665 2037; x_wconf 85' lang='lat' dir='ltr'>ista</span> <span class='ocrx_word' id='word_1_265' title='bbox 687 2005 904 2049; x_wconf 86' lang='lat' dir='ltr'>perveniunt:</span> <span class='ocrx_word' id='word_1_266' title='bbox 934 2005 961 2037; x_wconf 88' lang='lat' dir='ltr'>si</span> <span class='ocrx_word' id='word_1_267' title='bbox 991 2006 1069 2038; x_wconf 84' lang='lat' dir='ltr'>talia</span> <span class='ocrx_word' id='word_1_268' title='bbox 1094 2005 1186 2047; x_wconf 83' lang='lat' dir='ltr'>cogi-</span> 
     </span>
    </p>
   </div>
   <div class='ocr_carea' id='block_1_3' title="bbox 54 2064 1186 2111">
    <p class='ocr_par' dir='ltr' id='par_1_4' title="bbox 54 2064 1186 2111">
     <span class='ocr_line' id='line_1_33' title="bbox 54 2064 1186 2111; baseline 0.004 -16"><span class='ocrx_word' id='word_1_269' title='bbox 54 2071 164 2096; x_wconf 85' lang='lat' dir='ltr'>temus</span> <span class='ocrx_word' id='word_1_270' title='bbox 186 2064 222 2097; x_wconf 91' lang='lat' dir='ltr'>in</span> <span class='ocrx_word' id='word_1_271' title='bbox 247 2065 408 2098; x_wconf 88' lang='lat' dir='ltr'>cordibus</span> <span class='ocrx_word' id='word_1_272' title='bbox 430 2066 571 2105; x_wconf 88' lang='lat' dir='ltr'>nostris,</span> <span class='ocrx_word' id='word_1_273' title='bbox 605 2075 637 2098; x_wconf 83' lang='lat' dir='ltr'>et</span> <span class='ocrx_word' id='word_1_274' title='bbox 659 2066 743 2100; x_wconf 78' lang='lat' dir='ltr'>haec</span> <span class='ocrx_word' id='word_1_275' title='bbox 772 2067 815 2099; x_wconf 89' lang='lat' dir='ltr'>de</span> <span class='ocrx_word' id='word_1_276' title='bbox 839 2080 898 2099; x_wconf 84' lang='lat' dir='ltr'>ore</span> <span class='ocrx_word' id='word_1_277' title='bbox 922 2076 1039 2100; x_wconf 90' lang='lat' dir='ltr'>nostro</span> <span class='ocrx_word' id='word_1_278' title='bbox 1064 2079 1186 2111; x_wconf 88' lang='lat' dir='ltr'>proce-</span> 
     </span>
    </p>
   </div>
   <div class='ocr_carea' id='block_1_4' title="bbox 150 2158 577 2200">
    <p class='ocr_par' dir='ltr' id='par_1_5' title="bbox 150 2158 577 2200">
     <span class='ocr_line' id='line_1_34' title="bbox 150 2158 577 2200; baseline 0.012 -11"><span class='ocrx_word' id='word_1_279' title='bbox 150 2158 181 2200; x_wconf 85' lang='lat'>¹)</span> <span class='ocrx_word' id='word_1_280' title='bbox 205 2158 307 2192; x_wconf 72' lang='lat' dir='ltr'><strong>Num.</strong></span> <span class='ocrx_word' id='word_1_281' title='bbox 334 2160 426 2200; x_wconf 77' lang='lat' dir='ltr'>xvl,</span> <span class='ocrx_word' id='word_1_282' title='bbox 448 2160 501 2194; x_wconf 79' lang='grc'>44.</span> <span class='ocrx_word' id='word_1_283' title='bbox 524 2160 577 2194; x_wconf 82' lang='grc'>45.</span> 
     </span>
    </p>
   </div>
   <div class='ocr_carea' id='block_1_5' title="bbox 55 2213 1185 2305">
    <p class='ocr_par' dir='ltr' id='par_1_6' title="bbox 55 2213 1185 2305">
     <span class='ocr_line' id='line_1_35' title="bbox 144 2213 1185 2262; baseline 0.004 -16"><span class='ocrx_word' id='word_1_284' title='bbox 144 2213 181 2256; x_wconf 83' lang='lat'>²)</span> <span class='ocrx_word' id='word_1_285' title='bbox 207 2213 285 2248; x_wconf 84' lang='lat' dir='ltr'>Mss.</span> <span class='ocrx_word' id='word_1_286' title='bbox 316 2216 381 2254; x_wconf 87' lang='lat' dir='ltr'>„ad</span> <span class='ocrx_word' id='word_1_287' title='bbox 411 2217 591 2250; x_wconf 88' lang='lat' dir='ltr'>minimum</span> <span class='ocrx_word' id='word_1_288' title='bbox 623 2218 770 2251; x_wconf 80' lang='lat' dir='ltr'>decein.“</span> <span class='ocrx_word' id='word_1_289' title='bbox 830 2216 923 2251; x_wconf 86' lang='lat' dir='ltr'>Libri</span> <span class='ocrx_word' id='word_1_290' title='bbox 962 2217 1040 2252; x_wconf 85' lang='lat' dir='ltr'>editi</span> <span class='ocrx_word' id='word_1_291' title='bbox 1079 2217 1126 2262; x_wconf 77' lang='lat' dir='ltr'>(v.</span> <span class='ocrx_word' id='word_1_292' title='bbox 1158 2230 1185 2250; x_wconf 88' lang='lat' dir='ltr'>c.</span> 
     </span>
     <span class='ocr_line' id='line_1_36' title="bbox 55 2257 640 2305; baseline 0.014 -16"><span class='ocrx_word' id='word_1_293' title='bbox 55 2257 133 2295; x_wconf 72' lang='lat' dir='ltr'>edd.</span> <span class='ocrx_word' id='word_1_294' title='bbox 155 2259 240 2305; x_wconf 83' lang='lat' dir='ltr'>M.):</span> <span class='ocrx_word' id='word_1_295' title='bbox 267 2260 400 2301; x_wconf 79' lang='lat' dir='ltr'>„minus</span> <span class='ocrx_word' id='word_1_296' title='bbox 424 2262 572 2297; x_wconf 83' lang='lat' dir='ltr'>deeem.“</span> <span class='ocrx_word' id='word_1_297' title='bbox 598 2263 640 2297; x_wconf 79' lang='lat' dir='ltr'>R.</span> 
     </span>
    </p>
   </div>
  </div>
 </body>
</html>
