1427 2460
225 52 293 86 176
708 52 885 87 OmGEms

227 143 410 181 excelsam,
449 152 478 175 et
513 144 690 177 coelestem
721 143 821 176 vitam
853 151 1092 185 consurgentes
1125 156 1204 176 cum
1228 143 1361 179 Christo

227 204 434 238 exercuerint
465 217 565 248 super
596 214 709 239 terras.
768 205 838 238 Sed
874 215 905 238 ct
937 206 1030 250 quod
1057 204 1143 238 dixit
1175 206 1217 238 de
1250 206 1362 240 Jacob

228 266 382 311 quidem:
408 266 639 310 „videb0;“¹)
664 267 706 298 de
725 266 828 299 Israel
844 276 973 300 autem:
998 265 1239 315 „intelligamffl
1263 266 1364 300 etiam

225 329 293 360 hoc
318 328 485 372 aptissima
510 327 725 361 distinctione
753 326 1004 372 suscipiendum
1038 335 1103 360 est:
1137 337 1175 360 ut
1202 327 1295 361 aliud
1319 328 1364 361 ad

226 399 319 422 actus
339 388 492 429 visibiles,
517 389 608 422 aliud
632 391 674 422 ad
698 389 899 424 invisibilem
921 391 1034 428 fidiam,
1059 388 1363 433 atqueintelligibi-

225 452 293 484 lem
307 450 479 484 scientiam
495 452 698 484 conseratur.
740 454 806 484 Aut
825 450 852 484 si
868 452 910 484 ad
931 452 1082 484 futurum
1105 451 1278 483 saeculum
1301 450 1363 484 ista

225 513 470 552 convertimus,
505 511 538 545 id
565 502 641 553 est,¹
661 514 703 545 ad
729 512 980 547 resurrectionis
1003 521 1155 557 tempus:
1179 512 1311 552 „Jacob
1324 512 1362 556 2)

225 575 387 615 videbo‚“
426 584 535 619 potest
568 575 610 607 de
650 576 851 620 corporibus
881 574 1010 607 (lictum
1039 573 1197 614 intelligi:
1239 572 1362 613 „Israel

227 645 337 669 autem
363 636 587 679 intelligam,“
622 636 825 682 spiritumff)
859 644 892 669 et
914 635 1060 669 animam
1096 633 1360 677 significarem-

224 699 442 740 surgentium.
489 697 608 741 „Ecce‚
623 698 659 742 ⁴)
684 698 803 743 inquit,
827 698 975 743 pofulus
998 697 1090 730 solus
1113 696 1297 737 habitabit,
1328 705 1362 730 et

224 761 260 793 in
279 761 476 793 nationibus
501 773 572 792 non
597 760 842 804 reputabitur.“
882 758 999 791 Potest
1022 758 1161 803 quidem
1187 767 1219 792 et
1241 771 1362 792 secun-

224 823 307 855 dum
332 821 463 854 literam
487 830 582 855 stare.
637 822 738 855 Solus
770 821 857 855 enim
891 821 1039 865 populus
1070 818 1180 853 Jacob
1204 833 1288 868 'non
1314 829 1362 853 est

223 883 408 928 permixtus
434 883 548 916 ceteris
574 883 789 924 hominibus,
822 895 885 915 nec
908 883 997 915 inter
1019 890 1145 915 ceteras
1169 891 1281 931 gentes
1304 895 1359 915 re-

222 953 358 989 putatus
384 954 440 977 est.
487 944 617 978 Habuit
642 946 731 978 enirn
758 955 846 978 certa
864 956 1017 989 quaeque
1041 943 1214 988 privilegia
1236 943 1272 976 in
1296 943 1359 976 ob-

220 1006 484 1046 servationibus,
510 1016 542 1039 et
564 1006 599 1039 in
624 1006 775 1049 legitimis
799 1007 883 1046 suis,
914 1018 951 1038 ex
983 1004 1106 1050 quibus
1137 1014 1359 1050 sequestratus

222 1081 241 1100 a
267 1068 382 1101 ceteris
406 1069 560 1110 gentibus
585 1069 776 1102 haberetur.
823 1069 920 1102 Sicut
944 1067 1034 1101 enim
1057 1066 1166 1100 tribus
1182 1066 1263 1099 Levi
1285 1080 1359 1100 non
1380 1082 1389 1086 ·

223 1138 272 1163 est
295 1130 460 1174 permixta
490 1130 578 1163 inter
603 1140 726 1164 ceteras
750 1131 874 1171 tribus,
910 1142 972 1162 nec
1005 1131 1250 1162 adnumeratur
1268 1127 1360 1161 inter

223 1204 294 1225 eas:
319 1191 385 1223 hoc
408 1200 509 1236 pacto
535 1201 566 1224 et
590 1191 700 1225 omnis
725 1191 845 1231 lsrael,
868 1205 931 1224 nec
955 1190 1116 1223 miscetur
1139 1190 1255 1223 ceteris
1279 1201 1360 1231 gen-

220 1253 321 1293 tibus,
343 1265 407 1285 nec
430 1262 607 1297 reputatur
629 1253 718 1287 inter
741 1266 805 1287 eas.
866 1252 959 1286 Haec
989 1252 1127 1297 quidem
1150 1250 1186 1284 in
1209 1251 1359 1296 illopo-

221 1314 306 1359 pulo
331 1314 456 1347 suerint
477 1316 665 1348 secundum
688 1316 837 1348 formam
860 1317 1054 1347 futurorum
1079 1314 1271 1352 bonorum,
1302 1325 1358 1345 ve-

222 1390 278 1409 rus
303 1385 415 1408 autem
437 1375 567 1415 Jacob,
605 1385 636 1408 et
659 1376 839 1420 spiritualis
863 1377 984 1415 Israel,
1009 1388 1085 1408 vere
1109 1375 1199 1408 solus
1224 1368 1355 1406 habita-

220 1437 320 1478 bit⁵)
346 1436 381 1469 in
407 1437 569 1478 gentibus.
624 1437 660 1470 Si
694 1438 784 1470 cnim
808 1438 1004 1471 accessimus
1017 1436 1052 1481 6)
1078 1437 1121 1469 ad
1146 1436 1231 1469 Sion
1255 1449 1356 1469 mon-

221 1508 307 1539 tem,
343 1507 375 1530 et
399 1498 562 1532 civitatem
594 1498 662 1531 Dei
686 1499 838 1538 viventis,
869 1498 1057 1532 Jerusalem
1087 1499 1284 1538 coelestem,
1323 1507 1356 1530 et

221 1560 372 1593 venimus
396 1561 439 1593 ad
463 1559 671 1604 spiritualem
700 1560 877 1599 Judaeam,
904 1573 989 1604 quae
1014 1569 1061 1592 cst
1083 1557 1198 1603 portio
1221 1557 1298 1598 Dei,
1323 1567 1357 1591 et

220 1622 256 1654 in
287 1621 384 1655 terris
418 1621 519 1666 positi
555 1621 601 1654 ibi
634 1622 798 1654 habemus
833 1622 1142 1658 conversationem,
1176 1632 1254 1652 vere
1282 1632 1356 1652 nou

221 1693 418 1728 reputamur
441 1684 529 1716 inter
552 1692 677 1716 ceteras
703 1693 830 1725 gentes,
854 1697 917 1716 nec
943 1683 1150 1727 reliquarum
1174 1681 1354 1714 nationum

220 1747 303 1779 fines
328 1758 404 1778 cum
437 1745 559 1778 nostris
592 1745 716 1777 finibus
741 1745 984 1784 admiscentur,
1012 1742 1139 1776 etiamsi
1160 1741 1354 1776 restituatur

221 1807 375 1840 Sodoma
398 1805 434 1839 in
458 1806 644 1850 antiquum,
670 1815 702 1838 et
722 1794 898 1851 Aegyptiis
915 1806 949 1839 in
971 1816 1094 1839 statum
1111 1817 1210 1837 suum
1226 1805 1352 1844 redeat,

220 1878 254 1902 et
275 1868 303 1902 si
329 1868 411 1913 quid
438 1868 531 1901 aliud
555 1869 619 1901 tale
642 1867 817 1912 prophetis
847 1868 1009 1913 scriptum
1050 1875 1107 1900 est.
1173 1865 1350 1898 Verumta—

314 2025 348 2069 ’)
373 2024 443 2058 Csr.
468 2026 568 2058 Num.
594 2026 722 2065 XXIII,
746 2026 777 2061 9.
871 2025 907 2068 ²)
934 2024 1003 2058 Cfr.
1029 2026 1129 2057 Num.
1153 2022 1283 2063 XXIII,
1305 2022 1336 2056 9.

311 2080 348 2122 3)
375 2081 460 2113 Cod.
488 2080 719 2126 Corbejensis:
743 2081 897 2126 „spiritus
923 2090 955 2113 et
977 2080 1137 2114 anin1as.“
1162 2079 1200 2112 R.

311 2136 346 2180 4)
370 2137 472 2169 Num.
497 2136 624 2176 XXlIl,
649 2138 679 2171 9.

310 2192 346 2233 ⁵)
370 2191 456 2224 Edd.
480 2192 635 2225 Nlerlini:
659 2193 839 2225 habitabat.

310 2245 346 2289 ἦ)
371 2245 438 2279 Csr.
465 2247 568 2280 Hebr.
593 2248 669 2287 XII,
696 2248 746 2281 18.
770 2249 822 2282 22.

1401 1645 1417 1854 ἰ
