1427 2460
248 114 315 150 114
728 112 906 147 Omenms

250 203 531 250 quandoquidem
555 201 775 247 Israefflae')
799 204 943 237 umbrae
967 213 999 237 et
1021 203 1204 249 exemplari
1228 204 1385 240 dIcantur

248 266 416 300 deservire
442 263 651 297 coelestium.
699 265 883 299 Possumus
908 279 988 308 ergo
1015 267 1146 306 dicere,
1182 266 1261 311 quia
1294 268 1386 300 forte

246 328 282 361 in
305 329 433 365 futuro,
457 339 535 358 cum
562 338 681 359 omnes
703 328 833 360 fructus
863 329 1161 370 congregabuntur
1191 329 1235 362 ad
1259 341 1385 370 aream,

247 398 345 422 erunt
368 387 507 433 quidam
532 387 646 432 portio
677 388 867 432 pontificis,
899 391 957 422 sed
988 389 1078 423 illius
1110 390 1181 423 veri
1211 389 1385 435 pontificis

247 450 381 484 Christi.
403 468 409 478 ι
427 449 538 483 Erunt
562 460 592 483 et
617 449 673 483 alii
695 450 811 495 portio
837 450 1048 491 Levitarum,
1077 451 1163 485 sicut
1185 450 1255 497 jam
1280 464 1384 497 supra

246 513 400 551 diximus,
423 511 475 544 vel
499 512 634 554 angelis,
659 513 710 545 vel
736 511 808 546 aliis
833 512 1033 546 coelestibus
1057 514 1237 547 virtutibus
1260 526 1382 558 seque-
1420 548 1422 551 ,

243 583 353 607 strata.
388 573 478 605 Puto
495 582 619 613 autem,
644 575 740 618 quod
762 583 864 607 erunt
887 573 1026 619 quidam
1050 573 1165 617 portio
1191 575 1291 608 etiam
1318 576 1383 608 ho-

243 635 375 668 minum
400 647 520 667 eorum
544 636 716 675 duntaxat,
740 634 798 679 qui
822 636 858 668 in
870 636 935 669 hac
955 636 1020 669 vita
1035 637 1219 680 prudentes
1238 649 1277 669 ac
1295 636 1382 670 fide-

241 698 289 730 les
312 696 561 740 dispensatores
586 697 679 730 verbi
703 696 769 730 Dei
793 698 942 730 fuerunt.
1001 697 1078 730 Hoc
1109 697 1199 730 enim
1232 698 1382 731 arbitror

240 759 277 792 iu
300 757 491 800 Evangeliis
516 756 684 798 designari
714 771 732 790 a
763 758 940 799 Domino,
975 759 1037 792 uhi
1057 759 1106 792 ait
1130 760 1173 792 ad
1197 772 1293 800 eum,
1326 759 1381 793 eui

240 820 431 854 crediderat
453 819 606 864 quinque
627 832 734 860 mnas,
760 829 792 852 et
815 822 939 853 fecerat
960 833 998 853 ex
1023 820 1062 854 iis
1077 821 1212 854 decem:
1234 831 1326 861 „esto
1340 821 1379 865 ²)

239 891 440 927 potestatem
461 882 590 915 habens
612 895 714 926 supra
739 883 858 915 decem
883 881 1027 915 civitates
1037 886 1066 915 :⁸⁴
1100 883 1154 916 cui
1187 897 1267 917 vero
1304 896 1378 917 cre-

240 944 373 978 diderat
393 957 509 983 unam,
534 952 566 976 et
588 945 714 976 fecerat
737 957 776 977 ex
799 957 838 977 ea
862 943 1030 989 quinque:
1055 945 1203 988 „est0'³)
1227 954 1378 990 potesta-

236 1016 305 1040 tem
330 1007 458 1040 habens
481 1019 584 1050 supra
607 1005 758 1050 quinque
782 1005 961 1040 civitates.“
1008 1005 1109 1049 Quae
1133 1006 1223 1039 enim
1242 1005 1296 1038 hic
1311 1018 1378 1050 po—

238 1077 336 1101 testas
361 1067 534 1101 civitatum
571 1066 789 1108 intelligenda
822 1077 886 1106 est,
921 1067 986 1100 nisi
1020 1068 1222 1110 gubernatio
1248 1067 1378 1100 anima-
1426 1074 1427 1077 ’

237 1129 339 1163 rum?
383 1129 488 1163 Unde
512 1138 544 1161 et
565 1128 700 1161 videtur
722 1128 817 1167 mth,
842 1130 938 1172 quod
960 1141 1031 1161 non
1056 1128 1128 1162 sine
1152 1142 1251 1163 causa
1275 1129 1376 1162 etiam

234 1191 323 1224 inter
350 1191 443 1235 ipsos
475 1190 612 1231 angelos
647 1189 704 1223 alii
727 1197 932 1234 potestatem
963 1198 995 1222 et
1016 1189 1250 1234 principatum
1274 1188 1378 1234 super

236 1253 320 1287 alios
343 1260 469 1295 gerant.
494 1251 550 1284 alii
573 1260 685 1284 autem
708 1249 925 1296 subjaceant,
957 1260 990 1283 et
1014 1253 1254 1296 obtemperent
1275 1260 1377 1296 pote-

234 1313 354 1348 testati.
403 1313 502 1346 Sicut
523 1325 568 1346 ne
591 1312 652 1345 iste
676 1313 834 1357 quidem,
865 1312 919 1344 cui
943 1321 1090 1357 potestas
1114 1313 1233 1346 decem
1258 1312 1375 1346 civita-

233 1385 323 1415 tum,
346 1375 399 1408 vel
422 1374 498 1415 ille,
522 1373 577 1406 cui
608 1373 760 1418 quinque
784 1373 957 1406 civitatum
982 1374 1098 1413 datur,
1133 1373 1206 1407 sine
1237 1374 1372 1413 merito,

233 1450 274 1470 eo
301 1437 396 1481 quod
427 1434 588 1468 creditam
620 1435 684 1468 sibi
715 1434 952 1478 multiplicavit
982 1434 1183 1479 pecuniam,
1218 1435 1374 1480 pervenit

232 1499 276 1531 ad
299 1496 498 1543 huiusmodi
521 1505 732 1541 potestatem.
792 1495 919 1530 Omnia
943 1496 1035 1529 enim
1059 1497 1154 1542 apud
1177 1497 1293 1530 Deum
1316 1510 1373 1530 ra-

229 1560 326 1593 tione
350 1569 383 1592 et
406 1558 535 1605 judicio
559 1558 663 1597 fiunt,
694 1571 758 1590 nec
791 1559 833 1591 ad
866 1558 1025 1600 gratiam,
1063 1559 1124 1592 sed
1152 1571 1218 1603 pro
1244 1558 1368 1592 merito

231 1621 315 1654 alius
336 1622 496 1665 princeps
519 1632 588 1653 esse
611 1619 800 1652 multorum
824 1620 977 1664 ponitur,
1002 1619 1085 1653 alius
1104 1619 1275 1666 subjectus
1299 1631 1379 1653 esse-

229 1681 445 1728 principatui.
490 1681 628 1723 Evagati
650 1681 793 1714 forsitan
816 1681 1002 1725 prolixiore
1021 1681 1199 1715 videamur
1222 1694 1367 1720 excessu,

227 1746 287 1778 sed
312 1745 355 1777 de
377 1742 534 1788 primitiis
558 1742 804 1786 exponentibus
828 1742 1056 1776 necessarium
1089 1742 1155 1776 fuit
1179 1743 1279 1776 etiam
1304 1743 1364 1777 ista

229 1806 412 1845 discutere,
447 1804 730 1849 quandoquidem
760 1804 845 1837 tanti
875 1804 1019 1838 honoris
1049 1817 1181 1838 nomen
1208 1804 1299 1838 istud
1329 1805 1365 1838 in

225 1867 399 1912 scripturis
423 1866 542 1899 divinis
567 1866 721 1905 habetur,
743 1874 781 1898 ut
805 1865 906 1899 etiam
930 1865 1001 1910 ipse
1020 1865 1172 1900 Christus
1195 1865 1371 1911 primitiae
1394 1904 1398 1907 ⁴

226 1928 422 1961 nominatus
444 1926 496 1967 sit,
519 1937 551 1961 et
574 1926 744 1972 primitiae
757 1925 795 1970 ι)
817 1927 1074 1962 dormientium.
1128 1927 1175 1961 Et
1195 1927 1282 1962 sicut
1304 1939 1362 1962 rex

227 2003 353 2032 regum,
379 2000 411 2023 et
435 1989 607 2023 Dominus
631 1988 895 2030 dominantium,
919 1999 951 2023 et
973 1998 1091 2036 pastor
1112 1999 1308 2036 pastorum,
1330 1997 1362 2022 et

322 2153 355 2189 ¹)
379 2152 458 2184 Mss.
483 2151 704 2191 „Israelitae.“
750 2151 844 2184 Libri
870 2151 967 2185 editi:
992 2147 1247 2189 ,‚lsraeliticae.“
1259 2147 1300 2180 R.
1315 2165 1354 2172 --

224 2197 312 2229 Edd.
335 2197 493 2230 Blerlini:
519 2197 755 2236 „lsraelitica.“

316 2252 352 2296 2)
377 2253 455 2286 Luc.
481 2252 575 2291 xlx,
598 2253 651 2285 17.
749 2252 786 2292 3)
810 2251 888 2284 Luc.
915 2251 1011 2289 XIX,
1040 2250 1091 2284 19.

314 2307 351 2352 ι)
376 2308 389 2339 1
415 2306 495 2340 cor.
520 2307 596 2347 xv,
617 2308 673 2342 20.

1404 2258 1407 2275 4

1403 2293 1406 2319 Ι

1402 2401 1414 2423 ΙΙ

1400 2444 1404 2460 ι
