1427 2460
328 58 365 82 m
383 47 412 80 N
419 53 563 81 &Menos
580 43 743 79 Humum
776 44 903 78 XVIII.
1127 47 1193 82 227

14 124 19 150 :'
60 142 121 176 iste
152 141 258 174 homo
290 151 328 172 ex
356 136 456 171 Israel
488 135 642 175 vastavit,
679 147 756 168 cum
788 134 879 168 exuit
916 134 1127 180 principatus
1159 146 1192 170 et

61 211 253 249 potestates,
277 201 412 242 affigens
442 198 519 231 illos
543 196 637 230 cruci
665 208 754 230 suae.
798 196 920 241 Neque
944 196 1033 230 enim
1057 206 1193 242 poterat

62 266 187 311 salvare
209 260 394 302 Moabitas,
432 269 464 292 et
488 259 531 292 ad
555 257 623 291 Dei
647 257 854 300 agnitionem
880 259 1084 302 perducere,
1125 260 1191 294 nisi
1240 275 1249 282 *

8 329 13 342 “
61 327 229 372 principes
251 324 339 363 illos,
365 321 423 367 qui
447 321 482 355 in
505 320 545 354 iis
568 319 839 353 dominationem
868 320 1049 365 impietatis
1073 330 1192 355 tenue·

61 396 152 427 rant,
175 386 382 418 devastasset.
429 382 549 426 „Et¹)
572 380 793 427 praedabitur
817 394 933 415 omnes
956 381 1045 416 filios
1070 382 1194 418 Seth.“

61 448 143 482 Seth
165 447 253 480 filius
278 455 325 480 est
343 447 466 488 Adam,
496 445 539 478 de
563 457 632 489 quo
655 443 726 476 Eva
753 442 842 484 dixit,
868 457 946 477 cum
969 453 1068 478 natus
1093 454 1192 478 esset:

5 533 13 560 ᾖ
60 506 254 550 „suscitavit
274 506 312 550 ²)
343 508 435 541 enim
474 506 558 540 mihi
589 505 684 538 Deus
715 517 831 539 semen
864 504 957 539 aliud
986 519 1052 550 pro
1091 506 1191 546 Abel,

59 583 160 615 quem
194 568 320 603 occidit
345 568 465 602 Cain.“
487 568 576 601 ›Iste
606 575 654 600 est
684 578 764 609 ergo
797 566 896 606 Seth,
929 579 967 600 ex
994 580 1063 612 quo
1089 580 1192 613 omne

9 621 12 672 ,r
59 633 248 666 humanum
270 632 306 665 in
332 631 399 664 hoc
422 629 554 663 mundo
589 627 726 661 ducitur
757 640 870 670 genus.
918 629 1006 661 Nam
1039 629 1083 662 de
1106 628 1192 662 Cain

10 717 11 721 =
59 695 118 739 qui
140 694 211 727 nati
233 694 385 733 fuerant,
409 690 535 725 diluvio
567 688 751 734 perierunt.
797 689 878 723 Filii
904 702 983 732 ergo
1008 700 1086 724 sunt
1109 690 1191 724 Seth

10 763 11 766 ’
60 769 179 790 omnes
210 755 384 793 homines,
415 751 473 797 qui
495 751 532 784 in
555 751 621 784 hoc
644 751 776 784 mundo
800 759 888 784 sunt.
933 751 980 785 Et
1005 764 1082 785 cum
1106 752 1192 786 dici-

8 810 11 866 ?
58 827 130 852 tur:
161 813 501 861 ‚‚depraedabitur³)
528 825 647 846 omnes
678 811 766 846 filios
790 812 920 861 Sefflst‘
949 814 1114 859 praedam
1144 815 1191 848 sic

58 880 192 924 accipe,
214 877 300 912 sicut
320 877 357 910 in
380 873 613 921 superioribus
636 873 848 918 interpretati
871 887 1005 915 sumus,
1025 875 1088 909 ubi
1108 876 1191 910 scri-

7 950 9 956 ⁴
58 951 157 987 ptum
189 949 252 974 est:
286 939 390 980 „edet
402 936 438 982 ⁶²>
463 945 575 979 gentes
606 934 826 969 inimicorum
857 941 1046 971 suorum:“
1076 946 1110 972 et
1132 937 1192 971 ubi

7 998 9 1052 ζ
58 1004 171 1037 catulo
196 1002 314 1041 leonis,
339 1009 372 1033 et
394 998 488 1032 leoni
513 1006 740 1042 comparatur.
781 996 826 1030 Et
848 997 904 1030 hic
928 1010 1008 1040 ergo
1032 999 1069 1033 in
1091 1012 1191 1044 prae-

7 1061 9 1068 Ι
59 1067 140 1100 dam
163 1062 287 1107 accipit
309 1074 426 1095 omnes
448 1060 541 1093 filios
565 1058 658 1092 Seth.
700 1057 806 1091 Victis
831 1059 1026 1093 adversariis
1050 1061 1193 1094 daemo-

3 1123 8 1173 ,³
59 1127 179 1167 nibus,
217 1137 293 1164 eos,
328 1123 388 1167 qui
415 1121 478 1155 sub
514 1119 666 1164 ipsorum
706 1119 944 1153 dominatione
979 1122 1194 1163 tenebantur,

3 1177 9 1211 Τ
61 1187 214 1221 Christus
238 1184 333 1229 quasi
356 1183 520 1229 praedam
543 1180 704 1214 victoriae
725 1194 806 1215 suae
830 1181 932 1222 ducit,
956 1191 990 1216 et
1010 1184 1119 1228 spolia
1142 1198 1194 1219 sa-

59 1247 137 1282 lutis
166 1254 338 1291 reportat;
375 1243 459 1278 sicut
482 1252 515 1276 et
537 1241 572 1275 in
597 1241 670 1275 aliis
694 1243 737 1276 de
763 1255 803 1275 eo
828 1242 992 1288 scriptum
1016 1254 1081 1284 est,
1115 1246 1193 1290 quia

4 1349 5 1355 ἵ
59 1308 296 1351 „adscendens
310 1305 346 1351 ⁵)
378 1305 413 1338 in
450 1305 556 1338 altum
591 1303 758 1348 captivam
797 1303 891 1337 duxit
927 1305 1193 1350 captivitatem.“

4 1360 5 1365 ¹
60 1369 297 1416 Captivitatem
318 1367 447 1401 scilicet
467 1364 562 1397 illam
585 1363 728 1398 humani
749 1364 888 1407 generis,
913 1378 1015 1410 quam
1035 1367 1193 1404 diabolus

3 1425 7 1479 ζ
59 1434 103 1467 ad
125 1430 354 1478 perditionem
379 1435 531 1472 ceperat,
560 1425 622 1460 iste
646 1439 759 1460 rursus
783 1426 949 1471 captivam
974 1429 1084 1471 duxit,
1116 1439 1150 1465 et
1173 1446 1192 1466 a

3 1490 5 1498 ¹
59 1503 172 1529 morte
193 1490 364 1526 revocavit
386 1490 429 1523 ad
453 1487 562 1522 vitam.
610 1486 752 1521 Utinam
784 1500 864 1531 ergo
877 1487 913 1532 ⁶)
936 1502 993 1523 me
1023 1499 1056 1524 et
1087 1493 1195 1538 capti-

61 1569 140 1591 vum
163 1554 288 1587 habeat
309 1563 444 1596 semper
467 1548 620 1583 Christus
642 1549 751 1590 Jesus,
774 1558 808 1583 et
829 1562 886 1582 me
909 1551 1012 1586 ducat
1033 1555 1069 1587 in
1092 1568 1193 1599 prae-

61 1619 140 1652 dam
164 1628 270 1656 suam,
294 1622 327 1647 et
350 1625 411 1655 ego
434 1621 552 1645 tenear
575 1609 646 1656 ejus
664 1609 805 1645 vinculis
821 1610 989 1654 alligatus:
1013 1624 1052 1648 ut
1075 1624 1107 1648 et
1130 1629 1192 1659 ego

61 1678 130 1713 dici
152 1688 285 1711 merear
314 1675 444 1708 vinetus
465 1673 548 1706 Jesu
571 1671 718 1714 Christi,
747 1671 834 1706 sicut
858 1672 985 1708 Paulus
1017 1677 1060 1709 de
1089 1688 1194 1712 semet

61 1740 136 1785 ipso
161 1735 383 1782 gloriatur.⁷)
448 1733 562 1778 ‚‚Et⁸)
585 1735 648 1767 erit
669 1733 786 1767 Edem
808 1734 974 1770 hereditas
998 1735 1079 1782 ejus,
1102 1738 1193 1774 Esau

60 1800 219 1835 inimicus
242 1797 352 1844 ejus.“
397 1796 512 1830 Edom
536 1795 627 1829 idem
660 1804 725 1838 est,
757 1796 818 1840 qui
838 1796 939 1831 Esau.
984 1784 1050 1831 Hic
1073 1812 1194 1834 secun-

63 1864 146 1896 dum
179 1859 354 1895 historiam
385 1857 523 1902 quidem
553 1856 710 1891 inimicus
742 1866 790 1891 est
820 1857 940 1898 Israel,
977 1859 1037 1892 sed
1065 1860 1101 1894 in
1134 1863 1194 1896 ad-

158 2015 193 2060 ι)
216 2016 320 2049 Num.
343 2013 475 2055 XXIV,
498 2014 552 2048 17.
646 2011 683 2056 2)
710 2012 833 2049 Genes.
857 2013 914 2054 lv,
937 2015 992 2049 25.

156 2071 194 2116 ³)
219 2071 321 2103 Num.
345 2069 476 2109 XXIV,
501 2069 554 2105 17.
648 2066 684 2112 ⁴)
709 2068 811 2100 Num.
834 2068 965 2113 XXIV,
988 2070 1022 2106 8.
1045 2084 1118 2118 sqq.

155 2127 193 2171 ⁵)
217 2125 342 2171 Ephes.
367 2125 426 2166 IV,
452 2123 485 2159 8.
510 2124 587 2157 coll.
611 2122 734 2157 Psalm.
757 2123 913 2166 LXVIII,
937 2125 991 2161 18.

155 2181 193 2227 ⁶)
215 2181 307 2216 Edd.
330 2180 486 2215 Merlim':
512 2193 591 2224 ergo
617 2189 649 2213 et
673 2192 728 2213 me
751 2180 922 2224 captivum
947 2191 1009 2216 etc.

158 2238 196 2282 ¹¹.)
221 2237 293 2275 Cfr,
316 2236 442 2282 Ephes.
466 2236 526 2277 III,
547 2238 578 2271 1.
672 2234 711 2280 8)
734 2235 836 2269 Num.
860 2236 989 2279 XXIV,
1012 2238 1066 2274 18.

855 2297 932 2331 15*
