1427 2460
195 70 262 106 128
679 69 860 105 Omonms

195 160 463 207 permutationes
494 168 526 192 et
558 160 844 195 commutationes
867 170 1087 206 temporum,
1123 160 1204 196 anni
1227 161 1338 197 circu-

196 225 270 263 los,
306 231 338 255 et
370 231 538 255 astrorum
568 221 775 266 positiones,
799 232 935 258 naturas
960 222 1177 264 animalium,
1208 233 1241 257 et
1271 223 1339 258 iras

197 284 392 322 bestiarum,
414 281 594 326 spirituum
617 282 814 324 violentias,
845 294 877 318 et
901 285 1124 327 cogitationes
1147 284 1339 326 hominnm,

202 346 410 379 differentias
446 342 687 386 virgultorum,
723 353 755 377 et
792 345 929 380 virtutes
964 347 1157 381 radicum.“
1224 346 1340 388 Vides,

197 407 315 453 quanti
337 415 416 440 sunt
443 404 537 450 putei
567 405 604 438 in
640 418 755 439 rerum
778 405 940 441 scientia?
984 408 1111 443 Puteus
1144 417 1207 449 est,
1243 409 1339 443 verbi

196 469 320 513 gratia,
352 468 490 502 scientia
521 467 764 509 virgultorum,
800 478 831 501 et
859 471 950 502 forte
979 469 1247 516 uniuscujusque
1269 471 1337 505 vir-

197 531 279 575 gulti
301 540 422 563 natura
445 529 547 561 habet
570 529 752 573 proprium
777 539 931 574 puteum.
984 531 1030 564 Et
1053 533 1177 566 iterum
1213 542 1337 578 puteus

197 603 245 627 est
268 594 311 626 de
338 591 537 625 animalium
569 590 727 631 scientia,
763 600 795 624 et
826 592 918 625 forte
948 605 1174 638 unaquaeque
1209 593 1337 639 species

196 654 394 688 animalium
427 651 610 698 proprium
639 652 743 686 habet
771 662 923 697 puteum.
978 653 1023 686 Et
1053 653 1177 687 iterum
1214 664 1337 700 puteus

197 726 245 750 est
270 717 313 749 de
336 714 469 748 ratione
493 723 706 758 temporum,
746 722 778 747 et
809 713 1054 756 vicissitudine,
1093 729 1132 749 ac
1162 725 1339 762 permuta·

195 777 297 811 tione.
352 775 395 808 Et
427 776 512 809 haec
540 775 670 818 singula
701 775 864 821 quoniam
899 776 1020 816 altam,
1057 778 1337 823 profundamque

195 838 323 872 habent
358 837 551 877 scientiam,
601 837 723 871 merito
758 837 944 881 figuraliter
978 839 1073 883 putei
1109 839 1337 884 appellantur.

195 901 241 934 Et
266 901 378 933 donec
408 898 548 943 quidem
578 899 817 933 absconditum
848 899 913 932 fuit
944 900 1143 947 mysterium
1168 900 1293 935 Christi
1318 916 1338 935 a

196 961 336 996 saeculis
366 971 398 995 et
422 959 708 1003 generationibus,
732 971 822 996 recte
846 961 971 995 horum
993 962 1131 996 scientia
1154 963 1251 1008 putei
1275 977 1336 1009 ap-

196 1023 315 1069 pellati
341 1032 436 1057 sunt:
472 1036 549 1055 cum
575 1032 698 1062 autem,
720 1022 808 1055 sicut
831 1022 958 1058 Paulus
982 1023 1082 1063 dicit,
1121 1025 1338 1058 credentibus

196 1083 442 1126 „manifestavit
456 1083 490 1128 ¹)
513 1084 608 1117 Deus
631 1097 694 1129 per
713 1083 869 1129 spiritum
882 1088 1015 1124 suum‚“
1040 1086 1232 1119 efficientur
1254 1087 1337 1119 haec

196 1146 311 1180 omnia
334 1145 465 1185 fontes,
503 1154 535 1177 et
556 1145 719 1178 flumina:
751 1155 790 1178 ut
824 1144 893 1191 jam
928 1159 1000 1178 non
1030 1145 1075 1179 ita
1105 1145 1271 1180 habeatur
1301 1147 1338 1181 iu

198 1209 336 1242 occulto
361 1208 487 1239 horum
511 1206 668 1246 scientia,
691 1207 751 1241 sed
775 1209 971 1251 proseratur
994 1209 1038 1241 ad
1061 1209 1209 1249 multos,
1236 1217 1268 1242 et
1289 1209 1336 1242 ri-

197 1281 250 1313 get
274 1270 462 1308 credentes,
488 1282 526 1301 ac
550 1268 653 1302 satiet.
700 1269 744 1301 Et
768 1268 859 1309 ideo,
884 1270 999 1309 credo,
1024 1270 1181 1304 Salvator
1203 1269 1340 1304 dicebat

197 1333 239 1365 ad
265 1330 452 1375 discipulos
475 1343 563 1370 suos,
589 1330 667 1374 quia
692 1329 751 1374 qui
775 1330 883 1362 credit
905 1330 941 1363 in
966 1343 1054 1369 eum,
1078 1340 1110 1364 et
1124 1343 1247 1376 aquam
1273 1334 1338 1366 do-
1379 1339 1382 1342 ⁴

197 1392 325 1426 ctrinae
351 1391 419 1437 ejus
444 1391 588 1431 biberit,
613 1404 684 1423 non
710 1390 778 1435 jam
802 1400 941 1435 puteus,
964 1404 1028 1424 nec
1052 1392 1147 1432 fons,
1171 1393 1229 1426 sed
1254 1393 1338 1427 fient

197 1454 231 1487 in
259 1467 299 1487 eo
321 1451 512 1495 flumina2)
539 1465 647 1496 aquae
669 1452 772 1485 vivae.
827 1452 923 1486 Sicut
953 1452 1044 1486 enim
1074 1467 1163 1487 unus
1185 1453 1247 1488 iste
1268 1468 1335 1500 pu—

195 1525 278 1555 teus,
305 1514 363 1559 qui
387 1523 434 1547 est
458 1526 570 1547 sermo
595 1513 672 1553 Dei,
698 1513 843 1547 efficitur
865 1513 975 1558 putei,
1007 1524 1039 1547 et
1064 1515 1192 1555 fontes,
1215 1525 1247 1549 et
1270 1516 1336 1549 ssu-

195 1577 290 1610 mina
324 1575 603 1609 innumerabilia:
642 1575 687 1608 ita
720 1586 751 1608 et
785 1575 898 1608 anima
927 1575 1095 1618 hominis,
1131 1577 1266 1621 quae3)
1290 1578 1335 1611 ad

195 1638 378 1680 imaginem
403 1637 471 1671 Dei
493 1637 580 1670 facta
614 1645 679 1676 est,
716 1647 827 1681 potest
849 1637 886 1670 in
908 1650 943 1670 se
967 1635 1110 1677 habere,
1147 1647 1179 1671 et
1202 1640 1335 1683 produ-

197 1713 275 1733 care
298 1713 337 1733 ex
358 1711 411 1739 se,
434 1708 466 1731 et
488 1708 630 1743 puteos,
662 1707 693 1731 et
715 1697 845 1739 fontes,
877 1708 909 1731 et
932 1699 1086 1732 flumina.
1132 1697 1202 1732 Sed
1227 1707 1259 1732 et
1281 1711 1335 1733 re-

196 1774 275 1795 vera
298 1760 411 1806 putei,
450 1759 508 1804 qui
540 1769 619 1793 sunt
640 1759 674 1792 in
703 1760 814 1794 anima
838 1769 964 1802 nostra,
988 1757 1141 1801 indigent
1163 1760 1334 1794 fodiente:

197 1823 326 1856 debent
349 1821 440 1855 enim
463 1820 643 1863 mundari,
668 1830 700 1854 et
724 1834 846 1862 omne,
879 1822 973 1866 quod
996 1831 1170 1855 terrenum
1196 1831 1260 1863 est,
1290 1823 1334 1856 ab

196 1885 235 1918 iis
258 1885 359 1917 debet
383 1883 526 1923 auferri,
559 1892 597 1916 ut
628 1895 734 1916 venae
764 1882 842 1916 illae
872 1881 1135 1916 rationabilium
1161 1896 1333 1924 sensuum,

197 1958 280 1989 quas
305 1945 334 1978 ei
357 1945 499 1978 inseruit
521 1944 627 1984 Deus,
651 1948 738 1989 pura
761 1957 801 1978 ac
824 1943 956 1978 sincera
978 1943 1107 1978 fluenta
1128 1946 1334 1989 producant.

294 2061 329 2104 ¹)
353 2061 368 2092 1
393 2060 475 2093 Cor.
500 2061 543 2100 11,
570 2063 623 2095 10.
819 2100 824 2101 ⁷

289 2116 327 2160 ²)
354 2115 423 2148 Cfr.
450 2129 496 2150 ev.
519 2115 644 2149 Joann.
671 2116 743 2155 VII,
766 2116 820 2151 38.

289 2170 326 2214 3)
352 2171 443 2203 Alias
467 2171 516 2215 (v.
540 2185 567 2204 c.
592 2171 626 2204 in
653 2172 728 2204 edd.
755 2172 842 2216 M.):
872 2171 973 2215 „quia
1002 2174 1045 2205 ad
1077 2171 1258 2215 imaginem
1283 2183 1330 2207 est

196 2215 275 2255 Dei,
299 2221 535 2292 potest‘ssetc„
562 2217 621 2250 sed
653 2215 740 2249 Cod.
773 2216 879 2250 sancti
904 2216 1114 2251 Theudorici
1146 2227 1184 2250 ut
1205 2219 1240 2251 in
1265 2232 1328 2252 no-

196 2270 265 2295 stro
290 2270 390 2294 textu.
