<?xml version="1.0" encoding="UTF-8"?>
<!DOCTYPE html PUBLIC "-//W3C//DTD XHTML 1.0 Transitional//EN"
    "http://www.w3.org/TR/xhtml1/DTD/xhtml1-transitional.dtd">
<html xmlns="http://www.w3.org/1999/xhtml" xml:lang="en" lang="en">
 <head>
  <title>
</title>
<meta http-equiv="Content-Type" content="text/html;charset=utf-8" />
  <meta name='ocr-system' content='tesseract 3.04.00' />
  <meta name='ocr-capabilities' content='ocr_page ocr_carea ocr_par ocr_line ocrx_word'/>
</head>
<body>
  <div class='ocr_page' id='page_1' title='image "./operaomniaquaegr10orig_0189.png"; bbox 0 0 1427 2460; ppageno 0'>
   <div class='ocr_carea' id='block_1_1' title="bbox 0 0 59 2460">
    <p class='ocr_par' dir='ltr' id='par_1_1' title="bbox 0 0 59 2460">
     <span class='ocr_line' id='line_1_1' title="bbox 0 0 59 2460; baseline 0 0"><span class='ocrx_word' id='word_1_1' title='bbox 0 0 59 2460; x_wconf 95' lang='lat' dir='ltr'><strong> </strong></span> 
     </span>
    </p>
   </div>
   <div class='ocr_carea' id='block_1_2' title="bbox 400 39 1239 101">
    <p class='ocr_par' dir='ltr' id='par_1_2' title="bbox 400 39 1239 101">
     <span class='ocr_line' id='line_1_2' title="bbox 400 39 1239 101; baseline -0.005 -24"><span class='ocrx_word' id='word_1_2' title='bbox 400 55 435 77; x_wconf 77' lang='grc' dir='ltr'><strong>ιΝ</strong></span> <span class='ocrx_word' id='word_1_3' title='bbox 461 44 638 76; x_wconf 74' lang='lat' dir='ltr'><strong>Nummos</strong></span> <span class='ocrx_word' id='word_1_4' title='bbox 664 41 823 74; x_wconf 78' lang='grc' dir='ltr'><strong>ΗοΜιιῐΑ</strong></span> <span class='ocrx_word' id='word_1_5' title='bbox 847 39 941 74; x_wconf 86' lang='lat' dir='ltr'><strong>XIV.</strong></span> <span class='ocrx_word' id='word_1_6' title='bbox 1174 40 1239 101; x_wconf 44' lang='lat'><strong>1&amp;</strong></span> 
     </span>
    </p>
   </div>
   <div class='ocr_carea' id='block_1_3' title="bbox 93 129 1242 1847">
    <p class='ocr_par' dir='ltr' id='par_1_3' title="bbox 93 129 1242 1847">
     <span class='ocr_line' id='line_1_3' title="bbox 106 129 1242 176; baseline -0.002 -10"><span class='ocrx_word' id='word_1_7' title='bbox 106 133 199 167; x_wconf 81' lang='lat' dir='ltr'><strong>Sicut</strong></span> <span class='ocrx_word' id='word_1_8' title='bbox 223 146 300 176; x_wconf 79' lang='lat' dir='ltr'><strong>ergo</strong></span> <span class='ocrx_word' id='word_1_9' title='bbox 325 133 359 165; x_wconf 85' lang='lat' dir='ltr'><strong>in</strong></span> <span class='ocrx_word' id='word_1_10' title='bbox 384 131 565 173; x_wconf 85' lang='lat' dir='ltr'><strong>Evangelio</strong></span> <span class='ocrx_word' id='word_1_11' title='bbox 589 144 660 164; x_wconf 88' lang='lat' dir='ltr'><strong>non</strong></span> <span class='ocrx_word' id='word_1_12' title='bbox 685 130 756 176; x_wconf 82' lang='lat' dir='ltr'><strong>ipse</strong></span> <span class='ocrx_word' id='word_1_13' title='bbox 780 131 970 171; x_wconf 78' lang='lat' dir='ltr'>Dominus,</span> <span class='ocrx_word' id='word_1_14' title='bbox 999 131 1056 164; x_wconf 81' lang='lat' dir='ltr'><strong>sed</strong></span> <span class='ocrx_word' id='word_1_15' title='bbox 1082 129 1242 174; x_wconf 80' lang='lat' dir='ltr'><strong>discipuli</strong></span> 
     </span>
     <span class='ocr_line' id='line_1_4' title="bbox 104 192 1237 237; baseline -0.004 -8"><span class='ocrx_word' id='word_1_16' title='bbox 104 197 237 229; x_wconf 80' lang='lat' dir='ltr'><strong>solvunt</strong></span> <span class='ocrx_word' id='word_1_17' title='bbox 258 196 400 229; x_wconf 80' lang='lat' dir='ltr'>asinam:</span> <span class='ocrx_word' id='word_1_18' title='bbox 428 193 472 226; x_wconf 82' lang='lat' dir='ltr'><strong>ita</strong></span> <span class='ocrx_word' id='word_1_19' title='bbox 504 203 537 226; x_wconf 66' lang='grc' dir='ltr'><strong>ιι</strong></span> <span class='ocrx_word' id='word_1_20' title='bbox 559 192 613 226; x_wconf 89' lang='lat' dir='ltr'><strong>hic</strong></span> <span class='ocrx_word' id='word_1_21' title='bbox 637 206 709 226; x_wconf 86' lang='lat' dir='ltr'><strong>non</strong></span> <span class='ocrx_word' id='word_1_22' title='bbox 734 193 824 237; x_wconf 85' lang='lat' dir='ltr'><strong>ab¹)</strong></span> <span class='ocrx_word' id='word_1_23' title='bbox 848 206 888 226; x_wconf 84' lang='lat' dir='ltr'><strong>eo</strong></span> <span class='ocrx_word' id='word_1_24' title='bbox 914 192 1002 237; x_wconf 85' lang='lat' dir='ltr'><strong>ipso,</strong></span> <span class='ocrx_word' id='word_1_25' title='bbox 1025 193 1084 226; x_wconf 85' lang='lat' dir='ltr'><strong>sed</strong></span> <span class='ocrx_word' id='word_1_26' title='bbox 1108 193 1151 224; x_wconf 86' lang='lat' dir='ltr'><strong>ab</strong></span> <span class='ocrx_word' id='word_1_27' title='bbox 1177 206 1237 225; x_wconf 86' lang='lat' dir='ltr'><strong>an-</strong></span> 
     </span>
     <span class='ocr_line' id='line_1_5' title="bbox 98 253 1238 302; baseline -0.004 -12"><span class='ocrx_word' id='word_1_28' title='bbox 98 259 178 300; x_wconf 78' lang='lat' dir='ltr'><strong>&#39;gelo</strong></span> <span class='ocrx_word' id='word_1_29' title='bbox 212 256 360 302; x_wconf 78' lang='lat' dir='ltr'><strong>aperitur</strong></span> <span class='ocrx_word' id='word_1_30' title='bbox 392 269 429 288; x_wconf 91' lang='lat' dir='ltr'><strong>os</strong></span> <span class='ocrx_word' id='word_1_31' title='bbox 459 254 588 288; x_wconf 82' lang='lat' dir='ltr'><strong>asinae:</strong></span> <span class='ocrx_word' id='word_1_32' title='bbox 623 264 654 287; x_wconf 89' lang='lat' dir='ltr'><strong>et</strong></span> <span class='ocrx_word' id='word_1_33' title='bbox 677 255 764 288; x_wconf 82' lang='lat' dir='ltr'><strong>sicut</strong></span> <span class='ocrx_word' id='word_1_34' title='bbox 786 254 821 287; x_wconf 89' lang='lat' dir='ltr'><strong>in</strong></span> <span class='ocrx_word' id='word_1_35' title='bbox 844 253 1050 297; x_wconf 82' lang='lat' dir='ltr'><strong>Evangeliis,</strong></span> <span class='ocrx_word' id='word_1_36' title='bbox 1085 253 1238 299; x_wconf 81' lang='lat' dir='ltr'><strong>quinon</strong></span> 
     </span>
     <span class='ocr_line' id='line_1_6' title="bbox 103 315 1238 361; baseline -0.003 -10"><span class='ocrx_word' id='word_1_37' title='bbox 103 319 226 360; x_wconf 81' lang='lat' dir='ltr'><strong>vident,</strong></span> <span class='ocrx_word' id='word_1_38' title='bbox 250 326 395 359; x_wconf 79' lang='lat' dir='ltr'><strong>arguunt</strong></span> <span class='ocrx_word' id='word_1_39' title='bbox 418 316 581 350; x_wconf 80' lang='lat' dir='ltr'><strong>videntes:</strong></span> <span class='ocrx_word' id='word_1_40' title='bbox 612 318 656 351; x_wconf 82' lang='lat' dir='ltr'><strong>ita</strong></span> <span class='ocrx_word' id='word_1_41' title='bbox 688 326 720 350; x_wconf 85' lang='lat' dir='ltr'><strong>et</strong></span> <span class='ocrx_word' id='word_1_42' title='bbox 743 316 816 358; x_wconf 88' lang='lat' dir='ltr'>hic,</span> <span class='ocrx_word' id='word_1_43' title='bbox 849 316 908 361; x_wconf 87' lang='lat' dir='ltr'><strong>qui</strong></span> <span class='ocrx_word' id='word_1_44' title='bbox 932 315 1017 351; x_wconf 85' lang='lat' dir='ltr'><strong>muti</strong></span> <span class='ocrx_word' id='word_1_45' title='bbox 1041 324 1155 355; x_wconf 82' lang='lat' dir='ltr'><strong>erant,</strong></span> <span class='ocrx_word' id='word_1_46' title='bbox 1184 328 1238 349; x_wconf 79' lang='lat' dir='ltr'><strong>ar-</strong></span> 
     </span>
     <span class='ocr_line' id='line_1_7' title="bbox 103 376 1230 423; baseline -0.003 -11"><span class='ocrx_word' id='word_1_47' title='bbox 103 386 207 422; x_wconf 73' lang='lat' dir='ltr'><strong>guum</strong></span> <span class='ocrx_word' id='word_1_48' title='bbox 238 380 426 423; x_wconf 78' lang='lat' dir='ltr'><strong>loquentes.</strong></span> <span class='ocrx_word' id='word_1_49' title='bbox 473 378 518 412; x_wconf 89' lang='lat' dir='ltr'><strong>Et</strong></span> <span class='ocrx_word' id='word_1_50' title='bbox 550 379 616 411; x_wconf 90' lang='lat' dir='ltr'><strong>hoc</strong></span> <span class='ocrx_word' id='word_1_51' title='bbox 653 388 719 419; x_wconf 79' lang='lat' dir='ltr'><strong>est,</strong></span> <span class='ocrx_word' id='word_1_52' title='bbox 756 379 850 423; x_wconf 91' lang='lat' dir='ltr'><strong>quod</strong></span> <span class='ocrx_word' id='word_1_53' title='bbox 882 377 1056 411; x_wconf 78' lang='lat' dir='ltr'>Dominus</span> <span class='ocrx_word' id='word_1_54' title='bbox 1093 376 1230 410; x_wconf 75' lang='lat' dir='ltr'><strong>dicebat</strong></span> 
     </span>
     <span class='ocr_line' id='line_1_8' title="bbox 101 438 1236 485; baseline -0.003 -12"><span class='ocrx_word' id='word_1_55' title='bbox 101 440 280 485; x_wconf 82' lang='lat' dir='ltr'><strong>„Pater,²)</strong></span> <span class='ocrx_word' id='word_1_56' title='bbox 305 440 423 482; x_wconf 81' lang='lat' dir='ltr'>gratias</span> <span class='ocrx_word' id='word_1_57' title='bbox 448 454 510 483; x_wconf 81' lang='lat' dir='ltr'><strong>ago</strong></span> <span class='ocrx_word' id='word_1_58' title='bbox 538 439 618 480; x_wconf 86' lang='lat' dir='ltr'><strong>tibi,</strong></span> <span class='ocrx_word' id='word_1_59' title='bbox 650 440 813 485; x_wconf 86' lang='lat' dir='ltr'><strong>quoniam</strong></span> <span class='ocrx_word' id='word_1_60' title='bbox 847 438 1052 473; x_wconf 77' lang='lat' dir='ltr'><strong>abscondisti</strong></span> <span class='ocrx_word' id='word_1_61' title='bbox 1077 438 1160 471; x_wconf 85' lang='lat' dir='ltr'><strong>haec</strong></span> <span class='ocrx_word' id='word_1_62' title='bbox 1183 451 1236 471; x_wconf 90' lang='lat' dir='ltr'><strong>sa-</strong></span> 
     </span>
     <span class='ocr_line' id='line_1_9' title="bbox 99 498 1235 547; baseline -0.003 -12"><span class='ocrx_word' id='word_1_63' title='bbox 99 502 279 547; x_wconf 79' lang='lat' dir='ltr'><strong>pientibus,</strong></span> <span class='ocrx_word' id='word_1_64' title='bbox 303 512 334 534; x_wconf 89' lang='lat' dir='ltr'><strong>et</strong></span> <span class='ocrx_word' id='word_1_65' title='bbox 359 502 595 547; x_wconf 78' lang='lat' dir='ltr'>prudentibus,</span> <span class='ocrx_word' id='word_1_66' title='bbox 620 511 652 535; x_wconf 88' lang='lat' dir='ltr'><strong>et</strong></span> <span class='ocrx_word' id='word_1_67' title='bbox 676 501 829 535; x_wconf 81' lang='lat' dir='ltr'>revelasti</span> <span class='ocrx_word' id='word_1_68' title='bbox 852 514 890 534; x_wconf 87' lang='lat' dir='ltr'><strong>ea</strong></span> <span class='ocrx_word' id='word_1_69' title='bbox 914 500 1095 546; x_wconf 86' lang='lat' dir='ltr'><strong>parvulis.“</strong></span> <span class='ocrx_word' id='word_1_70' title='bbox 1142 498 1235 533; x_wconf 76' lang='lat' dir='ltr'><strong>Scri-</strong></span> 
     </span>
     <span class='ocr_line' id='line_1_10' title="bbox 98 561 1235 608; baseline -0.003 -12"><span class='ocrx_word' id='word_1_71' title='bbox 98 565 161 597; x_wconf 88' lang='lat' dir='ltr'><strong>bae</strong></span> <span class='ocrx_word' id='word_1_72' title='bbox 185 573 298 597; x_wconf 89' lang='lat' dir='ltr'><strong>autem</strong></span> <span class='ocrx_word' id='word_1_73' title='bbox 322 573 355 596; x_wconf 88' lang='lat' dir='ltr'><strong>et</strong></span> <span class='ocrx_word' id='word_1_74' title='bbox 378 563 549 597; x_wconf 84' lang='lat' dir='ltr'>Pharisaei</span> <span class='ocrx_word' id='word_1_75' title='bbox 575 573 678 604; x_wconf 85' lang='lat' dir='ltr'><strong>eraut,</strong></span> <span class='ocrx_word' id='word_1_76' title='bbox 703 564 760 608; x_wconf 89' lang='lat' dir='ltr'><strong>qui</strong></span> <span class='ocrx_word' id='word_1_77' title='bbox 784 564 948 597; x_wconf 78' lang='lat' dir='ltr'><strong>sedebant</strong></span> <span class='ocrx_word' id='word_1_78' title='bbox 974 575 1077 607; x_wconf 90' lang='lat' dir='ltr'><strong>super</strong></span> <span class='ocrx_word' id='word_1_79' title='bbox 1107 561 1235 595; x_wconf 75' lang='lat' dir='ltr'><strong>asinam</strong></span> 
     </span>
     <span class='ocr_line' id='line_1_11' title="bbox 101 623 1235 670; baseline -0.001 -13"><span class='ocrx_word' id='word_1_80' title='bbox 101 627 204 666; x_wconf 85' lang='lat' dir='ltr'><strong>hanc,</strong></span> <span class='ocrx_word' id='word_1_81' title='bbox 236 635 268 659; x_wconf 88' lang='lat' dir='ltr'><strong>et</strong></span> <span class='ocrx_word' id='word_1_82' title='bbox 290 626 451 658; x_wconf 77' lang='lat' dir='ltr'><strong>tenebant</strong></span> <span class='ocrx_word' id='word_1_83' title='bbox 475 638 546 658; x_wconf 85' lang='lat' dir='ltr'><strong>eam</strong></span> <span class='ocrx_word' id='word_1_84' title='bbox 579 624 734 658; x_wconf 85' lang='lat' dir='ltr'><strong>vinctam.</strong></span> <span class='ocrx_word' id='word_1_85' title='bbox 788 625 870 670; x_wconf 84' lang='lat' dir='ltr'><strong>Ipsis</strong></span> <span class='ocrx_word' id='word_1_86' title='bbox 895 636 973 666; x_wconf 81' lang='lat' dir='ltr'><strong>ergo</strong></span> <span class='ocrx_word' id='word_1_87' title='bbox 999 623 1151 657; x_wconf 75' lang='lat' dir='ltr'>irascitur</span> <span class='ocrx_word' id='word_1_88' title='bbox 1176 636 1235 656; x_wconf 89' lang='lat' dir='ltr'><strong>an-</strong></span> 
     </span>
     <span class='ocr_line' id='line_1_12' title="bbox 98 685 1237 735; baseline -0.002 -15"><span class='ocrx_word' id='word_1_89' title='bbox 98 689 200 729; x_wconf 85' lang='lat' dir='ltr'><strong>gelus,</strong></span> <span class='ocrx_word' id='word_1_90' title='bbox 225 697 257 721; x_wconf 86' lang='lat' dir='ltr'><strong>et</strong></span> <span class='ocrx_word' id='word_1_91' title='bbox 280 687 343 720; x_wconf 78' lang='lat' dir='ltr'><strong>nisi</strong></span> <span class='ocrx_word' id='word_1_92' title='bbox 368 688 519 731; x_wconf 89' lang='lat' dir='ltr'><strong>quodam</strong></span> <span class='ocrx_word' id='word_1_93' title='bbox 543 688 739 720; x_wconf 87' lang='lat' dir='ltr'><strong>futurorum</strong></span> <span class='ocrx_word' id='word_1_94' title='bbox 764 694 966 735; x_wconf 37' lang='lat' dir='ltr'><strong>prospectu!</strong></span> <span class='ocrx_word' id='word_1_95' title='bbox 997 685 1075 719; x_wconf 88' lang='lat' dir='ltr'><strong>illos</strong></span> <span class='ocrx_word' id='word_1_96' title='bbox 1099 685 1237 729; x_wconf 86' lang='lat' dir='ltr'><strong>quidem</strong></span> 
     </span>
     <span class='ocr_line' id='line_1_13' title="bbox 99 747 1238 793; baseline -0.003 -11"><span class='ocrx_word' id='word_1_97' title='bbox 99 749 301 793; x_wconf 63' lang='lat' dir='ltr'><strong>peremisset,</strong></span> <span class='ocrx_word' id='word_1_98' title='bbox 328 747 456 781; x_wconf 64' lang='lat' dir='ltr'><strong>asinam</strong></span> <span class='ocrx_word' id='word_1_99' title='bbox 481 757 592 781; x_wconf 82' lang='lat' dir='ltr'><strong>autem</strong></span> <span class='ocrx_word' id='word_1_100' title='bbox 617 758 786 788; x_wconf 80' lang='lat' dir='ltr'><strong>servasset,</strong></span> <span class='ocrx_word' id='word_1_101' title='bbox 811 761 897 793; x_wconf 86' lang='lat' dir='ltr'><strong>quae</strong></span> <span class='ocrx_word' id='word_1_102' title='bbox 920 747 1011 787; x_wconf 80' lang='lat' dir='ltr'><strong>vidit,</strong></span> <span class='ocrx_word' id='word_1_103' title='bbox 1039 757 1071 780; x_wconf 86' lang='lat' dir='ltr'><strong>et</strong></span> <span class='ocrx_word' id='word_1_104' title='bbox 1100 747 1238 781; x_wconf 77' lang='lat' dir='ltr'><strong>reverita</strong></span> 
     </span>
     <span class='ocr_line' id='line_1_14' title="bbox 97 799 1237 854; baseline -0.001 -11"><span class='ocrx_word' id='word_1_105' title='bbox 97 820 145 843; x_wconf 87' lang='lat' dir='ltr'><strong>est</strong></span> <span class='ocrx_word' id='word_1_106' title='bbox 169 824 256 850; x_wconf 85' lang='lat' dir='ltr'><strong>eum,</strong></span> <span class='ocrx_word' id='word_1_107' title='bbox 277 810 335 854; x_wconf 86' lang='lat' dir='ltr'><strong>qui</strong></span> <span class='ocrx_word' id='word_1_108' title='bbox 358 809 447 843; x_wconf 85' lang='lat' dir='ltr'><strong>veuit</strong></span> <span class='ocrx_word' id='word_1_109' title='bbox 470 809 553 854; x_wconf 74' lang='lat' dir='ltr'><strong>in3)</strong></span> <span class='ocrx_word' id='word_1_110' title='bbox 571 810 712 850; x_wconf 84' lang='lat' dir='ltr'><strong>vineam,</strong></span> <span class='ocrx_word' id='word_1_111' title='bbox 738 819 770 846; x_wconf 75' lang='lat' dir='ltr'><strong>et</strong></span> <span class='ocrx_word' id='word_1_112' title='bbox 785 819 848 843; x_wconf 83' lang='lat' dir='ltr'><strong>stat</strong></span> <span class='ocrx_word' id='word_1_113' title='bbox 869 810 958 843; x_wconf 83' lang='lat' dir='ltr'><strong>inter</strong></span> <span class='ocrx_word' id='word_1_114' title='bbox 971 799 1105 845; x_wconf 40' lang='lat' dir='ltr'><strong>vineas..</strong></span> <span class='ocrx_word' id='word_1_115' title='bbox 1131 808 1237 842; x_wconf 88' lang='lat' dir='ltr'><strong>Com-</strong></span> 
     </span>
     <span class='ocr_line' id='line_1_15' title="bbox 97 870 1237 916; baseline -0.001 -12"><span class='ocrx_word' id='word_1_116' title='bbox 97 871 217 915; x_wconf 86' lang='lat' dir='ltr'><strong>pressit</strong></span> <span class='ocrx_word' id='word_1_117' title='bbox 247 881 358 904; x_wconf 88' lang='lat' dir='ltr'><strong>tamen</strong></span> <span class='ocrx_word' id='word_1_118' title='bbox 395 871 499 915; x_wconf 88' lang='lat' dir='ltr'><strong>pedes</strong></span> <span class='ocrx_word' id='word_1_119' title='bbox 529 871 674 905; x_wconf 81' lang='lat' dir='ltr'><strong>sedentis</strong></span> <span class='ocrx_word' id='word_1_120' title='bbox 705 885 807 916; x_wconf 87' lang='lat' dir='ltr'><strong>super</strong></span> <span class='ocrx_word' id='word_1_121' title='bbox 835 885 870 905; x_wconf 85' lang='lat' dir='ltr'><strong>se</strong></span> <span class='ocrx_word' id='word_1_122' title='bbox 904 871 939 904; x_wconf 89' lang='lat' dir='ltr'><strong>in</strong></span> <span class='ocrx_word' id='word_1_123' title='bbox 970 870 1171 904; x_wconf 81' lang='lat' dir='ltr'><strong>maceriam:</strong></span> <span class='ocrx_word' id='word_1_124' title='bbox 1205 879 1237 903; x_wconf 80' lang='lat' dir='ltr'><strong>et</strong></span> 
     </span>
     <span class='ocr_line' id='line_1_16' title="bbox 96 931 1235 989; baseline 0 -24"><span class='ocrx_word' id='word_1_125' title='bbox 96 933 174 966; x_wconf 85' lang='lat' dir='ltr'><strong>ideo</strong></span> <span class='ocrx_word' id='word_1_126' title='bbox 198 934 288 966; x_wconf 85' lang='lat' dir='ltr'><strong>forte</strong></span> <span class='ocrx_word' id='word_1_127' title='bbox 310 946 381 966; x_wconf 90' lang='lat' dir='ltr'><strong>non</strong></span> <span class='ocrx_word' id='word_1_128' title='bbox 414 942 525 977; x_wconf 82' lang='lat' dir='ltr'><strong>potest</strong></span> <span class='ocrx_word' id='word_1_129' title='bbox 554 935 731 978; x_wconf 79' lang='lat' dir='ltr'><strong>ambulare</strong></span> <span class='ocrx_word' id='word_1_130' title='bbox 754 934 811 967; x_wconf 88' lang='lat' dir='ltr'><strong>ille</strong></span> <span class='ocrx_word' id='word_1_131' title='bbox 843 932 914 978; x_wconf 86' lang='lat' dir='ltr'><strong>ejus</strong></span> <span class='ocrx_word' id='word_1_132' title='bbox 937 940 1045 967; x_wconf 79' lang='lat' dir='ltr'><strong>sessor</strong></span> <span class='ocrx_word' id='word_1_133' title='bbox 1068 931 1235 989; x_wconf 51' lang='lat' dir='ltr'><strong>antiquus·</strong></span> 
     </span>
     <span class='ocr_line' id='line_1_17' title="bbox 98 994 1236 1043; baseline -0.001 -15"><span class='ocrx_word' id='word_1_134' title='bbox 98 1008 161 1028; x_wconf 87' lang='lat' dir='ltr'><strong>nec</strong></span> <span class='ocrx_word' id='word_1_135' title='bbox 184 995 298 1028; x_wconf 82' lang='lat' dir='ltr'><strong>venire</strong></span> <span class='ocrx_word' id='word_1_136' title='bbox 322 995 364 1027; x_wconf 86' lang='lat' dir='ltr'><strong>ad</strong></span> <span class='ocrx_word' id='word_1_137' title='bbox 391 1007 488 1034; x_wconf 86' lang='lat' dir='ltr'><strong>eum,</strong></span> <span class='ocrx_word' id='word_1_138' title='bbox 522 995 580 1039; x_wconf 87' lang='lat' dir='ltr'><strong>qui</strong></span> <span class='ocrx_word' id='word_1_139' title='bbox 605 995 703 1029; x_wconf 83' lang='lat' dir='ltr'><strong>dicit:</strong></span> <span class='ocrx_word' id='word_1_140' title='bbox 735 994 911 1038; x_wconf 78' lang='lat' dir='ltr'><strong>,‚venite⁴)</strong></span> <span class='ocrx_word' id='word_1_141' title='bbox 942 995 986 1027; x_wconf 88' lang='lat' dir='ltr'><strong>ad</strong></span> <span class='ocrx_word' id='word_1_142' title='bbox 1017 1007 1073 1027; x_wconf 88' lang='lat' dir='ltr'><strong>me</strong></span> <span class='ocrx_word' id='word_1_143' title='bbox 1106 1008 1236 1043; x_wconf 54' lang='lat' dir='ltr'><strong>omnes,</strong></span> 
     </span>
     <span class='ocr_line' id='line_1_18' title="bbox 97 1056 1236 1101; baseline 0.001 -13"><span class='ocrx_word' id='word_1_144' title='bbox 97 1057 156 1101; x_wconf 81' lang='lat' dir='ltr'><strong>qui</strong></span> <span class='ocrx_word' id='word_1_145' title='bbox 178 1057 348 1096; x_wconf 80' lang='lat' dir='ltr'><strong>laboratis,</strong></span> <span class='ocrx_word' id='word_1_146' title='bbox 374 1066 404 1089; x_wconf 86' lang='lat' dir='ltr'><strong>ct</strong></span> <span class='ocrx_word' id='word_1_147' title='bbox 426 1057 555 1089; x_wconf 86' lang='lat' dir='ltr'><strong>onerati</strong></span> <span class='ocrx_word' id='word_1_148' title='bbox 582 1057 688 1090; x_wconf 84' lang='lat' dir='ltr'><strong>estis.“</strong></span> <span class='ocrx_word' id='word_1_149' title='bbox 739 1057 842 1090; x_wconf 83' lang='lat' dir='ltr'><strong>Asina</strong></span> <span class='ocrx_word' id='word_1_150' title='bbox 864 1066 978 1089; x_wconf 84' lang='lat' dir='ltr'><strong>tamen</strong></span> <span class='ocrx_word' id='word_1_151' title='bbox 1003 1056 1102 1095; x_wconf 91' lang='lat' dir='ltr'><strong>venit,</strong></span> <span class='ocrx_word' id='word_1_152' title='bbox 1127 1057 1236 1089; x_wconf 83' lang='lat' dir='ltr'><strong>addu-</strong></span> 
     </span>
     <span class='ocr_line' id='line_1_19' title="bbox 97 1117 1232 1162; baseline 0 -12"><span class='ocrx_word' id='word_1_153' title='bbox 97 1128 148 1150; x_wconf 78' lang='lat' dir='ltr'><strong>cta</strong></span> <span class='ocrx_word' id='word_1_154' title='bbox 172 1131 191 1150; x_wconf 88' lang='lat' dir='ltr'><strong>a</strong></span> <span class='ocrx_word' id='word_1_155' title='bbox 215 1117 398 1162; x_wconf 77' lang='lat' dir='ltr'><strong>discipulis,</strong></span> <span class='ocrx_word' id='word_1_156' title='bbox 425 1127 456 1150; x_wconf 86' lang='lat' dir='ltr'><strong>et</strong></span> <span class='ocrx_word' id='word_1_157' title='bbox 481 1117 534 1150; x_wconf 89' lang='lat' dir='ltr'><strong>cui</strong></span> <span class='ocrx_word' id='word_1_158' title='bbox 558 1127 638 1150; x_wconf 88' lang='lat' dir='ltr'><strong>tunc</strong></span> <span class='ocrx_word' id='word_1_159' title='bbox 661 1119 800 1151; x_wconf 84' lang='lat' dir='ltr'><strong>sedebat</strong></span> <span class='ocrx_word' id='word_1_160' title='bbox 819 1117 959 1150; x_wconf 80' lang='lat' dir='ltr'><strong>Balaam</strong></span> <span class='ocrx_word' id='word_1_161' title='bbox 984 1117 1149 1151; x_wconf 79' lang='lat' dir='ltr'><strong>mercedis</strong></span> <span class='ocrx_word' id='word_1_162' title='bbox 1175 1132 1232 1150; x_wconf 86' lang='lat' dir='ltr'><strong>cu-</strong></span> 
     </span>
     <span class='ocr_line' id='line_1_20' title="bbox 97 1178 1233 1224; baseline 0.001 -13"><span class='ocrx_word' id='word_1_163' title='bbox 97 1178 213 1223; x_wconf 86' lang='lat' dir='ltr'><strong>pidus,</strong></span> <span class='ocrx_word' id='word_1_164' title='bbox 248 1192 340 1212; x_wconf 89' lang='lat' dir='ltr'><strong>nunc</strong></span> <span class='ocrx_word' id='word_1_165' title='bbox 373 1178 402 1211; x_wconf 73' lang='lat' dir='ltr'><strong>ci</strong></span> <span class='ocrx_word' id='word_1_166' title='bbox 434 1180 528 1212; x_wconf 85' lang='lat' dir='ltr'><strong>sedet</strong></span> <span class='ocrx_word' id='word_1_167' title='bbox 550 1180 657 1212; x_wconf 82' lang='lat' dir='ltr'><strong>Jesus.</strong></span> <span class='ocrx_word' id='word_1_168' title='bbox 704 1180 776 1212; x_wconf 86' lang='lat' dir='ltr'><strong>Nec</strong></span> <span class='ocrx_word' id='word_1_169' title='bbox 800 1179 942 1220; x_wconf 85' lang='lat' dir='ltr'><strong>mireris,</strong></span> <span class='ocrx_word' id='word_1_170' title='bbox 966 1179 993 1212; x_wconf 85' lang='lat' dir='ltr'><strong>si</strong></span> <span class='ocrx_word' id='word_1_171' title='bbox 1018 1192 1107 1219; x_wconf 87' lang='lat' dir='ltr'><strong>eum,</strong></span> <span class='ocrx_word' id='word_1_172' title='bbox 1133 1192 1233 1224; x_wconf 84' lang='lat' dir='ltr'><strong>quem</strong></span> 
     </span>
     <span class='ocr_line' id='line_1_21' title="bbox 96 1240 1237 1285; baseline 0.001 -11"><span class='ocrx_word' id='word_1_173' title='bbox 96 1240 239 1274; x_wconf 83' lang='lat' dir='ltr'><strong>diximus</strong></span> <span class='ocrx_word' id='word_1_174' title='bbox 262 1240 469 1279; x_wconf 83' lang='lat' dir='ltr'><strong>scribarum,</strong></span> <span class='ocrx_word' id='word_1_175' title='bbox 502 1250 533 1273; x_wconf 81' lang='lat' dir='ltr'><strong>et</strong></span> <span class='ocrx_word' id='word_1_176' title='bbox 565 1242 747 1273; x_wconf 80' lang='lat' dir='ltr'><strong>doctorum</strong></span> <span class='ocrx_word' id='word_1_177' title='bbox 781 1241 902 1285; x_wconf 87' lang='lat' dir='ltr'><strong>populi</strong></span> <span class='ocrx_word' id='word_1_178' title='bbox 933 1242 1079 1274; x_wconf 87' lang='lat' dir='ltr'><strong>formam</strong></span> <span class='ocrx_word' id='word_1_179' title='bbox 1110 1251 1237 1283; x_wconf 85' lang='lat' dir='ltr'><strong>tenere,</strong></span> 
     </span>
     <span class='ocr_line' id='line_1_22' title="bbox 93 1301 1232 1346; baseline 0.003 -13"><span class='ocrx_word' id='word_1_180' title='bbox 93 1302 205 1335; x_wconf 87' lang='lat' dir='ltr'><strong>videas</strong></span> <span class='ocrx_word' id='word_1_181' title='bbox 228 1301 491 1345; x_wconf 83' lang='lat' dir='ltr'><strong>prophetantem</strong></span> <span class='ocrx_word' id='word_1_182' title='bbox 516 1303 558 1334; x_wconf 89' lang='lat' dir='ltr'><strong>de</strong></span> <span class='ocrx_word' id='word_1_183' title='bbox 589 1301 733 1335; x_wconf 88' lang='lat' dir='ltr'><strong>Christo.</strong></span> <span class='ocrx_word' id='word_1_184' title='bbox 783 1302 860 1335; x_wconf 89' lang='lat' dir='ltr'><strong>Hoc</strong></span> <span class='ocrx_word' id='word_1_185' title='bbox 885 1302 975 1336; x_wconf 85' lang='lat' dir='ltr'><strong>enim</strong></span> <span class='ocrx_word' id='word_1_186' title='bbox 1005 1303 1148 1346; x_wconf 86' lang='lat' dir='ltr'><strong>legimus</strong></span> <span class='ocrx_word' id='word_1_187' title='bbox 1183 1306 1232 1337; x_wconf 85' lang='lat' dir='ltr'><strong>fe-</strong></span> 
     </span>
     <span class='ocr_line' id='line_1_23' title="bbox 94 1361 1234 1416; baseline 0.004 -21"><span class='ocrx_word' id='word_1_188' title='bbox 94 1362 174 1396; x_wconf 89' lang='lat' dir='ltr'><strong>cisse</strong></span> <span class='ocrx_word' id='word_1_189' title='bbox 199 1372 230 1395; x_wconf 86' lang='lat' dir='ltr'><strong>et</strong></span> <span class='ocrx_word' id='word_1_190' title='bbox 255 1361 439 1407; x_wconf 84' lang='lat' dir='ltr'><strong>Caipham,</strong></span> <span class='ocrx_word' id='word_1_191' title='bbox 477 1363 536 1407; x_wconf 83' lang='lat' dir='ltr'><strong>qui</strong></span> <span class='ocrx_word' id='word_1_192' title='bbox 568 1362 666 1395; x_wconf 79' lang='lat' dir='ltr'><strong>dixit:</strong></span> <span class='ocrx_word' id='word_1_193' title='bbox 704 1363 911 1411; x_wconf 79' lang='lat' dir='ltr'><strong>„expedit⁵)</strong></span> <span class='ocrx_word' id='word_1_194' title='bbox 939 1365 1054 1416; x_wconf 62' lang='lat' dir='ltr'><strong>vobis,</strong></span> <span class='ocrx_word' id='word_1_195' title='bbox 1084 1375 1122 1399; x_wconf 86' lang='lat' dir='ltr'><strong>ut</strong></span> <span class='ocrx_word' id='word_1_196' title='bbox 1145 1379 1234 1399; x_wconf 83' lang='lat' dir='ltr'><strong>unus</strong></span> 
     </span>
     <span class='ocr_line' id='line_1_24' title="bbox 94 1424 1232 1475; baseline 0.004 -18"><span class='ocrx_word' id='word_1_197' title='bbox 94 1426 200 1457; x_wconf 85' lang='lat' dir='ltr'><strong>homo</strong></span> <span class='ocrx_word' id='word_1_198' title='bbox 224 1433 342 1475; x_wconf 55' lang='lat' dir='ltr'><strong>pere-at</strong></span> <span class='ocrx_word' id='word_1_199' title='bbox 363 1437 428 1468; x_wconf 78' lang='lat' dir='ltr'><strong>pro</strong></span> <span class='ocrx_word' id='word_1_200' title='bbox 454 1424 548 1457; x_wconf 84' lang='lat' dir='ltr'><strong>omni</strong></span> <span class='ocrx_word' id='word_1_201' title='bbox 571 1425 739 1469; x_wconf 88' lang='lat' dir='ltr'><strong>populo.“</strong></span> <span class='ocrx_word' id='word_1_202' title='bbox 775 1424 845 1459; x_wconf 89' lang='lat' dir='ltr'><strong>Sed</strong></span> <span class='ocrx_word' id='word_1_203' title='bbox 861 1426 938 1466; x_wconf 86' lang='lat' dir='ltr'><strong>hoc,</strong></span> <span class='ocrx_word' id='word_1_204' title='bbox 961 1427 1082 1472; x_wconf 87' lang='lat' dir='ltr'><strong>inquit,</strong></span> <span class='ocrx_word' id='word_1_205' title='bbox 1107 1427 1183 1473; x_wconf 83' lang='lat' dir='ltr'><strong>quia</strong></span> <span class='ocrx_word' id='word_1_206' title='bbox 1196 1427 1232 1472; x_wconf 67' lang='grc' dir='ltr'><strong>ὗ)</strong></span> 
     </span>
     <span class='ocr_line' id='line_1_25' title="bbox 96 1485 1233 1533; baseline 0.003 -14"><span class='ocrx_word' id='word_1_207' title='bbox 96 1495 167 1520; x_wconf 88' lang='lat' dir='ltr'><strong>erat</strong></span> <span class='ocrx_word' id='word_1_208' title='bbox 190 1485 344 1530; x_wconf 82' lang='lat' dir='ltr'><strong>pontifex</strong></span> <span class='ocrx_word' id='word_1_209' title='bbox 367 1486 447 1519; x_wconf 83' lang='lat' dir='ltr'><strong>anni</strong></span> <span class='ocrx_word' id='word_1_210' title='bbox 471 1486 578 1526; x_wconf 86' lang='lat' dir='ltr'><strong>illius,</strong></span> <span class='ocrx_word' id='word_1_211' title='bbox 602 1487 828 1532; x_wconf 84' lang='lat' dir='ltr'><strong>prophetavit.</strong></span> <span class='ocrx_word' id='word_1_212' title='bbox 883 1488 1068 1533; x_wconf 75' lang='lat' dir='ltr'><strong>prophetat</strong></span> <span class='ocrx_word' id='word_1_213' title='bbox 1096 1501 1175 1531; x_wconf 84' lang='lat' dir='ltr'><strong>ergo</strong></span> <span class='ocrx_word' id='word_1_214' title='bbox 1201 1498 1233 1522; x_wconf 83' lang='lat' dir='ltr'><strong>et</strong></span> 
     </span>
     <span class='ocr_line' id='line_1_26' title="bbox 94 1548 1231 1596; baseline 0.002 -16"><span class='ocrx_word' id='word_1_215' title='bbox 94 1548 236 1582; x_wconf 85' lang='lat' dir='ltr'><strong>Balaam</strong></span> <span class='ocrx_word' id='word_1_216' title='bbox 261 1549 303 1581; x_wconf 89' lang='lat' dir='ltr'><strong>de</strong></span> <span class='ocrx_word' id='word_1_217' title='bbox 320 1548 472 1581; x_wconf 87' lang='lat' dir='ltr'><strong>Christo:</strong></span> <span class='ocrx_word' id='word_1_218' title='bbox 499 1558 530 1581; x_wconf 87' lang='lat' dir='ltr'><strong>et</strong></span> <span class='ocrx_word' id='word_1_219' title='bbox 553 1549 632 1581; x_wconf 88' lang='lat' dir='ltr'><strong>ideo</strong></span> <span class='ocrx_word' id='word_1_220' title='bbox 657 1561 759 1582; x_wconf 84' lang='lat' dir='ltr'><strong>nemo</strong></span> <span class='ocrx_word' id='word_1_221' title='bbox 785 1551 974 1591; x_wconf 84' lang='lat' dir='ltr'><strong>extollatur,</strong></span> <span class='ocrx_word' id='word_1_222' title='bbox 996 1551 1123 1584; x_wconf 82' lang='lat' dir='ltr'><strong>etiamsi</strong></span> <span class='ocrx_word' id='word_1_223' title='bbox 1147 1564 1231 1596; x_wconf 86' lang='lat' dir='ltr'><strong>pro-</strong></span> 
     </span>
     <span class='ocr_line' id='line_1_27' title="bbox 93 1610 1232 1655; baseline 0.003 -13"><span class='ocrx_word' id='word_1_224' title='bbox 93 1610 227 1654; x_wconf 83' lang='lat' dir='ltr'><strong>phetet,</strong></span> <span class='ocrx_word' id='word_1_225' title='bbox 271 1610 399 1643; x_wconf 79' lang='lat' dir='ltr'><strong>etiamsi</strong></span> <span class='ocrx_word' id='word_1_226' title='bbox 429 1610 684 1655; x_wconf 77' lang='lat' dir='ltr'><strong>praescientiam</strong></span> <span class='ocrx_word' id='word_1_227' title='bbox 723 1622 907 1645; x_wconf 86' lang='lat' dir='ltr'><strong>mereatur:</strong></span> <span class='ocrx_word' id='word_1_228' title='bbox 947 1613 1006 1646; x_wconf 85' lang='lat' dir='ltr'><strong>sed</strong></span> <span class='ocrx_word' id='word_1_229' title='bbox 1040 1613 1158 1645; x_wconf 84' lang='lat' dir='ltr'><strong>redeat</strong></span> <span class='ocrx_word' id='word_1_230' title='bbox 1188 1613 1232 1645; x_wconf 83' lang='lat' dir='ltr'><strong>ad</strong></span> 
     </span>
     <span class='ocr_line' id='line_1_28' title="bbox 94 1672 1231 1719; baseline 0.002 -15"><span class='ocrx_word' id='word_1_231' title='bbox 94 1672 250 1716; x_wconf 82' lang='lat' dir='ltr'><strong>Apostoli</strong></span> <span class='ocrx_word' id='word_1_232' title='bbox 275 1673 416 1711; x_wconf 81' lang='lat' dir='ltr'><strong>dictum,</strong></span> <span class='ocrx_word' id='word_1_233' title='bbox 441 1684 509 1716; x_wconf 88' lang='lat' dir='ltr'><strong>quo</strong></span> <span class='ocrx_word' id='word_1_234' title='bbox 536 1673 580 1706; x_wconf 83' lang='lat' dir='ltr'><strong>ad</strong></span> <span class='ocrx_word' id='word_1_235' title='bbox 602 1672 662 1708; x_wconf 72' lang='lat' dir='ltr'><strong>ista</strong></span> <span class='ocrx_word' id='word_1_236' title='bbox 684 1673 875 1719; x_wconf 83' lang='lat' dir='ltr'><strong>respiciens,</strong></span> <span class='ocrx_word' id='word_1_237' title='bbox 902 1674 963 1707; x_wconf 84' lang='lat' dir='ltr'><strong>ait:</strong></span> <span class='ocrx_word' id='word_1_238' title='bbox 987 1673 1125 1718; x_wconf 82' lang='lat' dir='ltr'><strong>„sive⁷)</strong></span> <span class='ocrx_word' id='word_1_239' title='bbox 1148 1687 1231 1718; x_wconf 87' lang='lat' dir='ltr'><strong>pro-</strong></span> 
     </span>
     <span class='ocr_line' id='line_1_29' title="bbox 95 1733 1230 1777; baseline 0.003 -12"><span class='ocrx_word' id='word_1_240' title='bbox 95 1733 239 1777; x_wconf 82' lang='lat' dir='ltr'><strong>phetiae,</strong></span> <span class='ocrx_word' id='word_1_241' title='bbox 263 1733 512 1774; x_wconf 83' lang='lat' dir='ltr'><strong>abolebuntur3</strong></span> <span class='ocrx_word' id='word_1_242' title='bbox 541 1734 608 1767; x_wconf 86' lang='lat' dir='ltr'><strong>sive</strong></span> <span class='ocrx_word' id='word_1_243' title='bbox 632 1734 787 1776; x_wconf 83' lang='lat' dir='ltr'><strong>linguae,</strong></span> <span class='ocrx_word' id='word_1_244' title='bbox 812 1738 1002 1777; x_wconf 78' lang='lat' dir='ltr'><strong>cessabunt;</strong></span> <span class='ocrx_word' id='word_1_245' title='bbox 1032 1735 1099 1768; x_wconf 80' lang='lat' dir='ltr'><strong>sive</strong></span> <span class='ocrx_word' id='word_1_246' title='bbox 1122 1735 1230 1768; x_wconf 84' lang='lat' dir='ltr'><strong>scien—</strong></span> 
     </span>
     <span class='ocr_line' id='line_1_30' title="bbox 93 1795 1230 1847; baseline 0.004 -21"><span class='ocrx_word' id='word_1_247' title='bbox 93 1795 151 1833; x_wconf 83' lang='lat' dir='ltr'><strong>tia,</strong></span> <span class='ocrx_word' id='word_1_248' title='bbox 175 1796 397 1827; x_wconf 73' lang='lat' dir='ltr'><strong>destruetur.“</strong></span> <span class='ocrx_word' id='word_1_249' title='bbox 442 1795 488 1827; x_wconf 86' lang='lat' dir='ltr'><strong>Et</strong></span> <span class='ocrx_word' id='word_1_250' title='bbox 512 1795 594 1840; x_wconf 82' lang='lat' dir='ltr'><strong>quid</strong></span> <span class='ocrx_word' id='word_1_251' title='bbox 619 1806 667 1830; x_wconf 85' lang='lat' dir='ltr'><strong>est</strong></span> <span class='ocrx_word' id='word_1_252' title='bbox 689 1810 780 1839; x_wconf 84' lang='lat' dir='ltr'><strong>ergo,</strong></span> <span class='ocrx_word' id='word_1_253' title='bbox 804 1800 899 1843; x_wconf 87' lang='lat' dir='ltr'><strong>quod</strong></span> <span class='ocrx_word' id='word_1_254' title='bbox 921 1796 1123 1847; x_wconf 69' lang='lat' dir='ltr'><strong>permanet?</strong></span> <span class='ocrx_word' id='word_1_255' title='bbox 1150 1797 1230 1838; x_wconf 85' lang='lat' dir='ltr'><strong>„Fi-</strong></span> 
     </span>
    </p>
   </div>
   <div class='ocr_carea' id='block_1_4' title="bbox 95 1856 1229 1904">
    <p class='ocr_par' dir='ltr' id='par_1_4' title="bbox 95 1856 1229 1904">
     <span class='ocr_line' id='line_1_31' title="bbox 95 1856 1229 1904; baseline 0.004 -16"><span class='ocrx_word' id='word_1_256' title='bbox 95 1856 212 1898; x_wconf 74' lang='lat' dir='ltr'><strong>des,⁸)</strong></span> <span class='ocrx_word' id='word_1_257' title='bbox 236 1856 357 1900; x_wconf 86' lang='lat' dir='ltr'><strong>inquit,</strong></span> <span class='ocrx_word' id='word_1_258' title='bbox 381 1869 472 1900; x_wconf 80' lang='lat' dir='ltr'><strong>spes,</strong></span> <span class='ocrx_word' id='word_1_259' title='bbox 498 1866 531 1889; x_wconf 87' lang='lat' dir='ltr'><strong>et</strong></span> <span class='ocrx_word' id='word_1_260' title='bbox 554 1857 689 1891; x_wconf 83' lang='lat' dir='ltr'><strong>caritas:</strong></span> <span class='ocrx_word' id='word_1_261' title='bbox 724 1858 835 1904; x_wconf 85' lang='lat' dir='ltr'><strong>major</strong></span> <span class='ocrx_word' id='word_1_262' title='bbox 859 1868 970 1891; x_wconf 77' lang='lat' dir='ltr'><strong>autem</strong></span> <span class='ocrx_word' id='word_1_263' title='bbox 995 1860 1119 1892; x_wconf 85' lang='lat' dir='ltr'><strong>horum</strong></span> <span class='ocrx_word' id='word_1_264' title='bbox 1144 1858 1229 1892; x_wconf 79' lang='lat' dir='ltr'><strong>cari-</strong></span> 
     </span>
    </p>
   </div>
   <div class='ocr_carea' id='block_1_5' title="bbox 184 1956 1225 2284">
    <p class='ocr_par' dir='ltr' id='par_1_5' title="bbox 186 1956 753 2003">
     <span class='ocr_line' id='line_1_32' title="bbox 186 1956 753 2003; baseline 0.004 -13"><span class='ocrx_word' id='word_1_265' title='bbox 186 1956 222 2001; x_wconf 81' lang='grc' dir='ltr'><strong>Ι&gt;</strong></span> <span class='ocrx_word' id='word_1_266' title='bbox 246 1958 334 1991; x_wconf 89' lang='lat' dir='ltr'><strong>Edd.</strong></span> <span class='ocrx_word' id='word_1_267' title='bbox 354 1957 509 1991; x_wconf 70' lang='lat' dir='ltr'><strong>Mer-lini:</strong></span> <span class='ocrx_word' id='word_1_268' title='bbox 534 1972 551 1991; x_wconf 80' lang='lat' dir='ltr'><strong>a</strong></span> <span class='ocrx_word' id='word_1_269' title='bbox 577 1960 643 1992; x_wconf 79' lang='lat' dir='ltr'><strong>deo</strong></span> <span class='ocrx_word' id='word_1_270' title='bbox 667 1959 753 2003; x_wconf 84' lang='lat' dir='ltr'><strong>ipso.</strong></span> 
     </span>
    </p>

    <p class='ocr_par' dir='ltr' id='par_1_6' title="bbox 184 2013 1225 2113">
     <span class='ocr_line' id='line_1_33' title="bbox 186 2013 1225 2060; baseline 0.004 -15"><span class='ocrx_word' id='word_1_271' title='bbox 186 2014 223 2052; x_wconf 55' lang='lat'><strong>²)</strong></span> <span class='ocrx_word' id='word_1_272' title='bbox 247 2013 371 2051; x_wconf 71' lang='lat' dir='ltr'><strong>Matth.</strong></span> <span class='ocrx_word' id='word_1_273' title='bbox 395 2013 457 2052; x_wconf 83' lang='lat' dir='ltr'><strong>XI,</strong></span> <span class='ocrx_word' id='word_1_274' title='bbox 479 2016 534 2049; x_wconf 78' lang='lat'><strong>25.</strong></span> <span class='ocrx_word' id='word_1_275' title='bbox 559 2035 600 2041; x_wconf 92' lang='grc'><strong>--</strong></span> <span class='ocrx_word' id='word_1_276' title='bbox 625 2014 883 2052; x_wconf 82' lang='lat' dir='ltr'><strong>Edd.Merlini:</strong></span> <span class='ocrx_word' id='word_1_277' title='bbox 908 2015 1147 2060; x_wconf 81' lang='lat' dir='ltr'><strong>asapientibus</strong></span> <span class='ocrx_word' id='word_1_278' title='bbox 1168 2026 1225 2059; x_wconf 77' lang='lat' dir='ltr'><strong>etc¹</strong></span> 
     </span>
     <span class='ocr_line' id='line_1_34' title="bbox 184 2069 746 2113; baseline 0.005 -12"><span class='ocrx_word' id='word_1_279' title='bbox 184 2069 221 2113; x_wconf 75' lang='lat'><strong>³)</strong></span> <span class='ocrx_word' id='word_1_280' title='bbox 244 2069 332 2102; x_wconf 86' lang='lat' dir='ltr'><strong>Edd.</strong></span> <span class='ocrx_word' id='word_1_281' title='bbox 358 2069 513 2103; x_wconf 79' lang='lat' dir='ltr'><strong>Merlini:</strong></span> <span class='ocrx_word' id='word_1_282' title='bbox 537 2073 579 2104; x_wconf 89' lang='lat' dir='ltr'><strong>ad</strong></span> <span class='ocrx_word' id='word_1_283' title='bbox 606 2072 746 2104; x_wconf 87' lang='lat' dir='ltr'><strong>vineam.</strong></span> 
     </span>
    </p>

    <p class='ocr_par' dir='ltr' id='par_1_7' title="bbox 187 2122 1058 2171">
     <span class='ocr_line' id='line_1_35' title="bbox 187 2122 1058 2171; baseline 0.005 -13"><span class='ocrx_word' id='word_1_284' title='bbox 187 2125 224 2168; x_wconf 69' lang='lat'><strong>⁴²)</strong></span> <span class='ocrx_word' id='word_1_285' title='bbox 248 2125 369 2159; x_wconf 75' lang='lat' dir='ltr'><strong>Matth.</strong></span> <span class='ocrx_word' id='word_1_286' title='bbox 394 2126 454 2164; x_wconf 84' lang='grc' dir='ltr'><strong>ΧῙ,</strong></span> <span class='ocrx_word' id='word_1_287' title='bbox 477 2127 534 2162; x_wconf 79' lang='lat'><strong>28.</strong></span> <span class='ocrx_word' id='word_1_288' title='bbox 626 2128 666 2171; x_wconf 81' lang='lat'><strong>⁵)</strong></span> <span class='ocrx_word' id='word_1_289' title='bbox 686 2127 746 2165; x_wconf 75' lang='lat' dir='ltr'><strong>Ey.</strong></span> <span class='ocrx_word' id='word_1_290' title='bbox 769 2122 980 2168; x_wconf 56' lang='lat' dir='ltr'><strong>JoannsXL</strong></span> <span class='ocrx_word' id='word_1_291' title='bbox 1003 2128 1058 2162; x_wconf 72' lang='grc'><strong>49.</strong></span> 
     </span>
    </p>

    <p class='ocr_par' dir='ltr' id='par_1_8' title="bbox 187 2174 1206 2284">
     <span class='ocr_line' id='line_1_36' title="bbox 187 2174 1206 2228; baseline 0.002 -15"><span class='ocrx_word' id='word_1_292' title='bbox 187 2182 224 2222; x_wconf 81' lang='lat'><strong>⁶)</strong></span> <span class='ocrx_word' id='word_1_293' title='bbox 250 2181 312 2215; x_wconf 89' lang='lat' dir='ltr'><strong>Ed.</strong></span> <span class='ocrx_word' id='word_1_294' title='bbox 337 2182 443 2214; x_wconf 79' lang='lat' dir='ltr'><strong>Ruaei</strong></span> <span class='ocrx_word' id='word_1_295' title='bbox 467 2184 556 2216; x_wconf 88' lang='lat' dir='ltr'><strong>sola:</strong></span> <span class='ocrx_word' id='word_1_296' title='bbox 584 2183 651 2228; x_wconf 89' lang='lat' dir='ltr'><strong>qui.</strong></span> <span class='ocrx_word' id='word_1_297' title='bbox 676 2206 720 2213; x_wconf 84' lang='lat'><strong>--</strong></span> <span class='ocrx_word' id='word_1_298' title='bbox 745 2184 817 2218; x_wconf 78' lang='lat' dir='ltr'><strong>Csr.</strong></span> <span class='ocrx_word' id='word_1_299' title='bbox 828 2174 888 2216; x_wconf 29' lang='lat' dir='ltr'><strong>xcv.</strong></span> <span class='ocrx_word' id='word_1_300' title='bbox 910 2184 1036 2218; x_wconf 79' lang='lat' dir='ltr'><strong>Joann.</strong></span> <span class='ocrx_word' id='word_1_301' title='bbox 1062 2184 1128 2225; x_wconf 78' lang='lat' dir='ltr'><strong>Xl,</strong></span> <span class='ocrx_word' id='word_1_302' title='bbox 1153 2183 1206 2218; x_wconf 73' lang='grc'><strong>51,</strong></span> 
     </span>
     <span class='ocr_line' id='line_1_37' title="bbox 189 2237 1016 2284; baseline 0.004 -14"><span class='ocrx_word' id='word_1_303' title='bbox 189 2237 225 2280; x_wconf 83' lang='lat'><strong>⁷)</strong></span> <span class='ocrx_word' id='word_1_304' title='bbox 249 2237 262 2269; x_wconf 86' lang='lat' dir='ltr'><strong>l</strong></span> <span class='ocrx_word' id='word_1_305' title='bbox 290 2237 369 2271; x_wconf 90' lang='lat' dir='ltr'><strong>Cor.</strong></span> <span class='ocrx_word' id='word_1_306' title='bbox 393 2238 488 2278; x_wconf 83' lang='lat' dir='ltr'>XIII,</span> <span class='ocrx_word' id='word_1_307' title='bbox 511 2240 544 2275; x_wconf 81' lang='grc'><strong>8,</strong></span> <span class='ocrx_word' id='word_1_308' title='bbox 637 2239 676 2284; x_wconf 80' lang='grc'><strong>8)</strong></span> <span class='ocrx_word' id='word_1_309' title='bbox 698 2240 714 2272; x_wconf 82' lang='lat' dir='ltr'>I</span> <span class='ocrx_word' id='word_1_310' title='bbox 739 2240 819 2274; x_wconf 84' lang='lat' dir='ltr'><strong>Cor.</strong></span> <span class='ocrx_word' id='word_1_311' title='bbox 843 2241 936 2280; x_wconf 84' lang='lat' dir='ltr'><strong>Xlll‚</strong></span> <span class='ocrx_word' id='word_1_312' title='bbox 963 2242 1016 2276; x_wconf 83' lang='lat'><strong>13.</strong></span> 
     </span>
    </p>
   </div>
  </div>
 </body>
</html>
