1427 2460
352 101 386 124 m
412 91 588 124 Numi-:Ros
613 88 773 122 Homnm
803 89 859 121 IX.
1128 90 1173 125 89

45 181 193 223 germine
215 180 330 214 fuisset
351 179 566 224 promissum,
591 179 675 219 vide,
699 189 823 224 quanta
847 178 986 221 largitur
1008 179 1113 218 Deus,
1136 189 1174 212 ut

45 256 115 276 non
135 243 246 276 solum
270 254 406 284 germen
428 240 636 285 produxerit,
659 241 718 273 sed
744 250 774 273 et
797 241 954 273 frondes:
979 251 1010 273 et
1029 255 1101 274 non
1117 254 1173 274 so-

44 304 117 337 }um
139 304 292 343 frondes,
327 304 386 336 sed
417 312 449 336 et
479 303 598 335 flores:
637 311 669 334 et
700 301 935 343 germinaverit
964 315 1035 335 non
1060 304 1172 336 solum

45 366 157 405 flores,
179 365 236 398 sed
261 373 293 397 et
315 365 452 398 fructus.
501 363 595 407 Quid
624 363 724 405 igitur
747 373 810 403 est,
835 365 930 408 quod
954 377 991 396 ex
1015 363 1053 397 iis
1079 363 1176 397 colli-

45 439 121 468 gere
144 435 177 459 et
200 426 422 471 contemplari
445 424 653 459 debeamus?
694 425 812 458 Primo
844 427 997 458 omnium
1027 439 1176 460 resurre-

46 486 164 520 ctionis
188 500 226 520 ex
251 486 391 520 mortuis
414 495 670 520 sacramentum.
726 487 826 527 Virga
858 486 948 519 enirn
980 486 1072 519 arida
1103 499 1176 528 ger-

45 549 160 588 minat,
184 563 261 582 cum
286 563 410 594 corpus
434 548 632 582 exstinctum
656 547 807 592 coeperit
829 548 1032 582 reviviscere.
1076 548 1175 591 Quae

45 620 123 644 sunt
154 620 265 644 autem
297 620 443 656 quatuor
466 611 543 650 ista,
577 623 663 655 quae
691 610 874 652 resurgenti
908 610 1047 655 corpori
1076 622 1175 654 prae—

45 672 243 706 stabuntur?
268 673 316 705 Ut
339 671 538 706 seminatum
556 671 590 715 ¹)
614 672 648 704 in
675 671 906 716 corruptione,
928 681 1040 712 surgat
1062 671 1098 704 in
1122 671 1177 704 in-

13 776 16 778 *
47 735 284 779 corruptione:
309 744 339 767 et
363 728 562 767 seminatum
581 733 616 766 in
638 733 843 773 infirmitate,
866 744 976 776 surgat
993 734 1028 766 in
1041 735 1178 767 virtute:

48 804 80 828 et
103 795 301 832 seminatum
327 796 360 828 in
385 795 581 838 ignominia,
604 805 715 838 surgat
728 795 762 827 in
775 794 898 837 gloria:
925 804 955 828 et
978 795 1176 828 seminatum

48 870 172 902 corpus
196 857 352 898 animale,
374 866 485 899 surgat
510 871 633 902 corpus
655 857 838 901 spirituale.
892 857 954 890 Ista
986 866 1065 890 sunt
1096 870 1178 901 qua—

47 927 135 959 tuor,
161 932 246 964 quae
270 919 358 961 virga
383 919 468 952 aridi
493 918 646 964 corporis
659 918 764 952 nostri
788 919 822 951 in
837 919 1084 952 resurrectione
1108 931 1180 960 ger—

48 979 200 1014 minabit.
262 980 330 1015 Sed
362 990 393 1014 et
423 981 507 1015 illud
540 982 690 1014 secundo
724 979 758 1012 in
788 981 867 1014 loco
895 981 1059 1014 dicemus:
1093 980 1180 1025 quia,

48 1042 135 1076 sic'ut
167 1042 204 1075 in
243 1042 282 1076 iis
319 1042 579 1087 promissionem
617 1056 713 1076 suam
752 1042 846 1075 Deus
882 1042 917 1075 in
950 1044 1180 1087 quadruplum

49 1103 151 1143 dedit,
176 1113 207 1137 et
229 1104 338 1137 multo
363 1105 461 1148 plura
487 1113 519 1136 et
532 1104 732 1149 pretiosiora
749 1103 883 1146 largitus
901 1113 956 1142 est,
981 1117 1082 1148 quarn
1100 1117 1182 1148 pro-

18 1199 20 1201 ,
49 1165 154 1198 misit:
188 1165 234 1198 ita
265 1165 374 1197 multo
407 1165 510 1207 magis
541 1165 576 1198 in
603 1165 761 1198 omnibus
786 1165 980 1209 Scripturae
1004 1165 1098 1206 locis,
1123 1165 1182 1197 ubi

50 1227 161 1271 aliqua
186 1227 253 1259 Dei
285 1226 464 1271 promissio
497 1226 708 1266 continetur,
740 1227 766 1260 si
800 1227 873 1270 quis
903 1236 1015 1259 tamen
1041 1228 1083 1260 ad
1108 1240 1182 1260 eam

49 1289 223 1332 pervenire
248 1297 427 1327 mereatur,
450 1288 485 1320 in
508 1289 626 1321 futuro
652 1287 881 1332 multipliciter
909 1289 1183 1332 praeparabitur:

51 1358 84 1382 et
106 1348 152 1382 sic
175 1362 251 1381 vere
277 1348 505 1393 complebitur
527 1349 629 1389 illud,
656 1350 750 1393 quod
777 1349 958 1392 Apostolus
984 1350 1081 1389 dicit,
1107 1350 1183 1394 quia

51 1411 191 1451 „oculus
205 1408 241 1454 ²)
264 1423 337 1442 non
361 1409 453 1448 vidit,
477 1423 540 1443 nec
566 1410 653 1443 auris
678 1409 815 1449 audivit,
838 1423 900 1443 nec
924 1409 958 1443 in
984 1424 1043 1444 cor
1070 1412 1184 1444 homi-

49 1470 100 1505 nis
124 1470 309 1510 adscendit,
334 1484 420 1516 quae
430 1471 643 1516 praeparavit
658 1471 750 1504 Deus
765 1470 814 1510 iis,
838 1471 895 1515 qui
912 1471 1052 1514 diligunt
1077 1477 1187 1506 eum.“

51 1533 138 1566 Vide
163 1545 252 1575 ergo,
278 1541 403 1577 quanta
425 1532 500 1571 sint,
525 1542 557 1565 et
581 1533 704 1577 qualia,
731 1545 818 1577 quae
840 1546 911 1565 non
936 1533 1049 1566 solum
1073 1534 1186 1568 videre

52 1603 83 1627 et
107 1594 225 1627 audire
248 1594 378 1627 nemini
401 1593 507 1633 licuit,
531 1595 588 1628 sed
613 1607 657 1626 ne
680 1594 716 1626 in
741 1607 801 1626 cor
825 1594 974 1638 quidem,
999 1596 1034 1629 id
1060 1605 1116 1636 est,
1143 1597 1186 1628 ad

51 1656 289 1698 cogitationem
303 1656 339 1700 3)
369 1656 553 1689 humanam
585 1655 698 1700 potuit
728 1656 940 1688 adscendere.
996 1657 1073 1690 Sive
1106 1671 1185 1700 ergo

50 1727 184 1758 terram,
207 1717 275 1751 sive
298 1717 434 1751 coelum
458 1716 596 1756 dixeris,
626 1716 692 1750 sive
717 1717 823 1749 solem
849 1717 940 1750 hunc
965 1727 996 1750 et
1019 1719 1187 1760 fulgorem

51 1778 187 1812 visibilis
210 1779 357 1819 luminis,
382 1778 496 1811 omnia
521 1779 605 1811 haec
631 1779 751 1811 oculus
776 1779 869 1818 vidit,
894 1788 926 1811 ct
942 1780 1030 1812 auris
1046 1780 1188 1813 audivit:

53 1849 86 1873 et
108 1853 182 1873 non
205 1850 347 1885 possunt
371 1852 439 1873 esse
464 1853 501 1872 ex
524 1839 608 1879 illis,
639 1853 726 1884 quae
750 1840 870 1874 oculus
897 1853 968 1873 non
992 1841 1091 1881 vidit,
1125 1855 1188 1875 nec

54 1901 142 1934 auris
166 1900 303 1941 audivit,
327 1914 390 1934 nec
413 1902 449 1933 in
473 1914 535 1934 cor
546 1900 694 1934 hominis
712 1902 897 1934 adsccndit.
941 1902 1190 1944 Transgredere

55 1975 134 2004 ergo
158 1963 405 2003 haec‘omnia,
444 1972 477 1995 et
507 1963 710 1995 transcende
740 1975 861 2002 mnne,
896 1963 1057 2008 quicquid
1089 1965 1190 2005 vides,

56 2023 218 2069 quicquid
243 2024 356 2065 audis,
392 2024 554 2069 quicquid
579 2024 676 2057 etiam
712 2023 859 2067 cogitare
893 2022 1006 2069 potes,
1045 2036 1078 2059 et
1105 2027 1190 2061 illud

152 2163 186 2207 ¹)
210 2163 225 2195 1
250 2162 331 2197 Cor.
354 2164 431 2204 XV,
455 2163 508 2198 42.
534 2163 589 2198 43.
615 2164 667 2198 44.

150 2218 187 2262 ²)
210 2218 226 2250 I
251 2219 331 2253 Cor.
356 2220 399 2259 II,
421 2219 453 2253 9.
480 2221 559 2256 coll.
581 2219 681 2255 Jesai.
706 2220 828 2261 LXIV,
853 2222 883 2255 4.

151 2274 187 2316 ³)
211 2275 298 2308 Edd.
324 2275 479 2309 Merlini:
507 2276 746 2319 cognitionem.
