1427 2460
349 94 386 119 m
410 82 589 117 Nummos
614 80 776 114 Horum
791 80 850 113 XI.
1098 86 1164 120 113

33 177 212 224 loqudas?
255 176 312 216 Ut,
334 172 429 207 verbi
451 171 565 215 gratia,
591 183 680 203 unus
694 169 814 214 aliquis
837 171 948 212 fuerit,
972 172 1031 217 qui
1053 173 1168 222 Baby-

35 240 185 274 lonicam
207 223 370 272 tunciuni
395 233 527 267 homini
559 231 764 277 impresserit
793 231 962 274 linguam,
985 232 1086 275 alius,
1110 236 1168 280 qui

35 301 90 337 alii
116 298 334 344 Aegyptiam,
359 305 393 328 et
418 294 519 334 alius,
543 293 602 338 qui
627 293 811 333 Graecam,
837 303 868 326 et
889 294 936 326 sic
962 295 1168 331 diversarum

34 362 185 406 gentium
207 359 271 405 ipsi
293 358 344 392 illi
366 357 506 390 fortasse
530 355 701 400 principes
723 356 868 396 fuerint,
901 355 958 400 qui
984 366 1016 389 et
1039 357 1170 401 lingua-

37 436 113 456 rum
151 434 189 454 ac
227 420 385 465 loquelae
421 418 626 450 videbantur
660 425 834 450 auctores:
874 418 1033 451 manserit
1056 430 1169 453 autem

35 483 146 525 lingua
170 494 233 526 per
258 482 368 514 Adam
391 479 548 525 primitus
573 479 659 518 data,
684 486 721 510 ut
744 487 919 522 putamus,
944 477 1119 520 Hebraeis,
1136 481 1169 525 ¹)

34 544 71 578 in
97 557 134 577 ea
157 551 254 588 parte
277 542 470 581 hominum,
494 553 581 585 quae
602 552 675 572 non
699 552 777 583 pars
801 538 942 584 alicujus
967 541 1094 583 angeli,
1119 543 1170 575 vel

36 604 199 651 principis
228 605 316 637 facta
340 612 404 642 est,
437 602 498 636 sed
523 614 609 646 quae
631 599 699 633 Dei
721 593 842 645 portio·
860 602 1056 645 permansit.
1112 604 1170 637 In—

35 666 134 700 terim
158 675 196 699 ut
218 666 332 699 dicere
356 676 593 708 coeperamus,
626 663 777 695 offerunt
808 670 839 694 et
863 662 973 703 angeli
997 663 1171 707 primitias,

36 727 270 771 unusquisque
294 726 396 759 credo
421 723 527 766 gentis
549 736 640 764 suae,
665 732 696 756 et
718 736 852 756 rursum
868 724 1100 770 unusquisque
1118 739 1172 759 ec-

40 789 159 822 elesiae
181 801 268 822 suae.
317 786 453 831 Quibus
478 784 603 828 angelis
627 794 660 818 et
682 785 834 818 Joannes
858 784 893 817 in
919 786 1173 833 Apocalypsi2)

37 850 186 885 scribere
208 850 350 888 videtur,
374 846 468 880 verbi
480 847 595 888 gratia,
620 846 739 888 angelo
761 845 919 879 ecclesiae
934 846 1174 891 Ephesiorum,

40 913 91 945 vel
116 911 401 957 Smyrnaeorum,
434 908 486 941 vel
516 907 795 948 Laodicensium,
826 906 1056 953 aliarumque,
1087 924 1174 956 quae

39 973 184 1017 scriptae
205 981 292 1006 sunt.
342 971 456 1005 Offert
479 981 559 1011 ergo
576 969 809 1014 unusquisque
831 971 1031 1012 angelorum
1047 972 1174 1017 'primi-

42 1034 121 1073 tias,
154 1034 206 1067 vel
231 1032 408 1072 ecclesiae,
446 1031 499 1063 vel
524 1029 627 1074 gentis
650 1044 746 1071 suae,
785 1044 871 1076 quae
896 1032 925 1064 ei
950 1032 1175 1078 dispensanda

43 1095 218 1130 commissa
243 1104 301 1128 est.
347 1094 417 1127 Aut
440 1094 528 1125 sorte
553 1100 585 1124 et
609 1091 665 1124 alii
692 1092 891 1127 extrinsecus
909 1094 1028 1136 angeli,
1055 1095 1112 1139 qui
1137 1109 1175 1129 ex

45 1157 204 1190 omnibus
228 1154 383 1198 gentibus
406 1153 522 1186 fideles
546 1166 701 1197 quosque
725 1163 939 1196 congregent.
996 1155 1042 1188 Et
1064 1157 1178 1190 consi-

44 1219 219 1257 deremus,
248 1229 292 1250 ne
322 1217 411 1248 sorte
434 1214 518 1247 sicut
540 1212 576 1246 in
600 1213 729 1258 aliqua,
762 1214 856 1247 verbi
880 1215 1002 1258 gratia,
1037 1216 1178 1258 civitate,

45 1278 106 1312 uhi
127 1280 285 1312 nondum
318 1275 498 1309 Christiani
528 1275 597 1307 nati
626 1284 721 1314 sunt,
755 1274 783 1309 si
808 1277 945 1309 accedat
979 1276 1116 1322 aliquis,
1147 1289 1179 1312 et

46 1341 173 1374 docere
195 1338 355 1382 incipiat,
382 1337 532 1375 laboret,
567 1335 725 1375 instruat,
749 1331 898 1370 adllucat
921 1337 965 1369 ad
990 1337 1112 1379 fidem,
1149 1350 1181 1373 et

45 1401 118 1446 ipse
140 1400 363 1445 postmodum
384 1397 442 1438 iis,
483 1410 568 1442 quos
593 1397 727 1438 docuit,
762 1398 919 1443 princeps
943 1406 976 1431 et
1001 1399 1180 1445 episcopus

45 1461 171 1506 fiat23)
195 1462 239 1494 ita
265 1445 367 1493 etiarn
389 1459 496 1498 sancti
520 1456 629 1500 angeli
654 1470 784 1497 eorum,
809 1471 896 1502 quos
915 1472 932 1492 e
950 1460 1085 1494 diversis
1099 1474 1179 1502 gen-

47 1522 136 1556 tibus
162 1521 447 1564 congregaverint,
470 1529 502 1552 et
522 1519 643 1552 labore
665 1532 728 1552 suo
753 1531 792 1552 ac
808 1519 995 1554 ministerio
1014 1523 1182 1566 proficere

48 1583 207 1623 fecerint,
237 1583 301 1628 ipsi
333 1595 453 1615 eorum
488 1581 588 1614 etiam
611 1579 648 1613 in
671 1582 786 1614 futuro
818 1581 988 1626 principes
1012 1584 1112 1617 fiant:
1145 1594 1183 1617 ut

51 1643 204 1678 Christus
228 1657 301 1676 non
325 1653 395 1677 tam
418 1656 477 1676 rex
502 1642 650 1682 dicatur,
681 1654 784 1687 quam
808 1655 864 1675 rex
889 1655 1024 1685 regum,
1055 1653 1087 1677 et
1109 1659 1183 1679 non

49 1714 120 1739 tam
142 1703 328 1745 Dominus,
340 1703 455 1750 ‘quam
479 1703 652 1737 Dominus
677 1704 939 1739 dominantium.
995 1703 1135 1750 Quippe
1156 1707 1184 1741 si

49 1765 105 1800 isti
127 1778 220 1808 reges
242 1767 330 1799 fiunt
354 1779 491 1806 eorum,
521 1778 606 1810 quos
629 1774 769 1808 regunt,
799 1774 831 1798 et
854 1766 1024 1810 proficere
1045 1767 1185 1809 faciunt,

51 1826 118 1872 ipsi
149 1839 228 1868 ergo
261 1828 413 1860 offerunt
443 1828 610 1871 quosdam
644 1826 783 1871 quidem
812 1827 986 1872 pontifici,
1017 1829 1184 1872 quosdam

0 1909 2 1915 ν
53 1900 134 1922 vero
158 1887 236 1922 filiis
259 1887 441 1933 pontificis,
464 1887 501 1920 id
525 1897 583 1930 est,
607 1886 840 1932 superioribus
863 1887 1050 1928 virtutibus,
1077 1898 1108 1922 et
1131 1902 1185 1922 ar-

56 1948 248 1992 changelis,-
271 1949 441 1994 quosdam
465 1949 564 1982 etiam
588 1948 719 1989 Levitis,
741 1947 779 1981 id
802 1957 860 1988 est,
882 1947 991 1982 Paulo
1014 1949 1185 1983 inferiori-

55 2011 138 2052 bus,
171 2010 199 2045 si
231 2014 346 2044 tamen
381 2023 590 2054 consequens
624 2009 777 2043 videatur
807 2010 866 2043 tali
897 2011 1043 2055 quadam
1074 2013 1185 2056 specie

57 2071 159 2105 etiam
183 2072 351 2115 angelicos
375 2072 520 2111 ordines,
544 2080 581 2104 ut
602 2070 776 2104 Israelitici
798 2080 885 2112 sunt,
909 2085 977 2105 esse
1001 2072 1186 2113 distinctos,

156 2211 190 2255 ¹)
217 2208 306 2244 Edd.
331 2208 486 2242 Merlini:
510 2209 666 2241 hebraea.

153 2265 190 2309 ²)
216 2266 287 2299 Cfr.
311 2264 453 2308 Apocal.
476 2262 518 2296 Il.
544 2263 600 2296 ΙΙΙ.
696 2264 732 2309 3)
757 2265 822 2299 Ed.
847 2265 952 2299 Ruaei
976 2265 1067 2300 sola:
1090 2266 1136 2299 fit.

67 2324 242 2360 Onmnms
267 2327 405 2360 OPERA.
430 2324 528 2358 TOM.
550 2324 592 2357 X.
906 2327 929 2361 8
