1427 2460
409 99 446 123 m
470 89 649 123 Nummos
673 88 834 122 HommA
856 88 881 121 I.
1171 86 1215 120 15

169 181 202 216 3.
227 179 300 221 Ego
325 180 437 214 adhuc
461 181 605 225 amplius
630 178 759 225 aliquid
780 179 918 212 intueor
941 177 976 211 in
1001 178 1068 210 hoc
1089 175 1216 211 Nume-

82 256 199 275 rorum
224 242 312 274 libro
337 242 495 288 mysterii.
541 243 643 275 Ratio
669 241 759 274 enim
783 240 956 280 tribuum,
991 249 1022 274 et
1047 237 1215 272 distinctio

69 305 254 343 'ol-(linum,
278 303 418 337 societas
442 303 667 345 familiarum,
696 313 796 348 atque
820 302 991 336 ordinatio
1017 310 1137 335 cuncta
1161 313 1218 334 ea-

84 376 242 406 strorum,
276 366 461 408 ingentium
495 366 578 399 mihi
603 375 892 399 sacramentorum
925 364 1042 409 prodit
1074 363 1219 396 indicia:

85 429 253 472 Apostolo
278 427 378 460 nobis
401 428 510 460 Paulo
541 427 723 472 spiritualis
752 426 991 468 intelligentiae
1015 426 1142 459 semina
1165 437 1219 457 re-

83 498 267 534 spergente.
313 489 357 522 Et
382 502 440 531 age
462 488 530 535 jam
556 489 638 534 quid
664 489 774 522 omnis
804 489 887 521 hacc
916 500 1218 523 numerorumAra-

83 550 148 590 tio,
185 551 266 595 quid
291 550 451 584 ordinum
478 550 646 584 diversitas
677 549 916 592 intelligentiae
944 548 1106 596 mysticae
1137 561 1221 581 con-

82 612 198 652 tineat,
222 613 405 646 videamus.
453 612 665 657 Exspectatio
691 621 780 645 certa
803 611 903 645 nobis
928 621 974 644 est
1002 610 1220 644 resurrectio-

84 673 136 706 nis
159 684 387 714 mortuorum,
413 688 490 717 cum
515 675 559 714 hi,
585 674 642 718 qui
667 675 793 714 vivunt,
818 673 875 718 qui
892 673 1016 717 reliqui
1038 682 1124 711 sunt,
1147 685 1221 704 nou

84 735 302 780 praevenient
317 737 350 780 ¹)
374 736 408 769 in
429 737 573 769 adventu
592 735 718 769 Christi
740 749 809 776 eos,
833 734 891 780 qui
916 734 1142 773 dormierunt,
1164 734 1223 766 sed

85 796 186 830 simul
211 811 288 830 cum
314 797 352 832 iis
376 796 483 842 juncti
507 806 539 830 et
561 797 696 839 sociati,
720 798 897 842 rapientur
918 797 955 830 in
982 796 1132 829 nubibus
1157 796 1221 828 ob-

86 859 175 892 viam
205 859 340 892 Christo
365 860 400 892 iu
424 865 512 900 aiii-a,
536 859 660 892 terreni
684 860 810 893 scilicet
834 859 933 905 hujus
956 858 1025 891 loci
1044 866 1223 902 corrupte-

86 921 172 959 lam,
209 931 241 954 et
269 921 388 955 mortis
419 922 611 955 habitacula
645 920 901 964 deserentes,²)
940 921 1008 954 sive
1041 932 1158 952 omnes
1186 919 1223 951 in

88 987 175 1022 aare,
198 991 236 1015 ut
257 983 384 1018 Paulus
406 985 623 1029 pronuntiat,
646 983 880 1029 permansuri,
903 983 971 1016 sive
995 983 1095 1016 etiam
1119 979 1223 1025 aliqui

90 1044 134 1076 ad
157 1044 368 1089 paradisum,
405 1056 462 1079 aut
493 1046 556 1079 alia
581 1046 753 1090 quaelibet
777 1058 814 1078 ex
839 1044 954 1077 multis
978 1042 1225 1082 mansionibus,

90 1118 178 1149 quae
202 1107 294 1150 apud
318 1107 454 1141 Patrem
477 1117 563 1148 sunt,
588 1107 811 1141 transferendi
835 1109 921 1140 loca.
959 1106 1141 1138 Diversitas
1165 1117 1224 1137 au-

91 1176 158 1199 tem
184 1169 425 1209 translationis,
458 1179 490 1202 ct
512 1168 619 1211 gloria
645 1182 684 1201 cx
708 1169 834 1201 meritis
858 1168 930 1200 sine
955 1167 1062 1200 dubio
1089 1175 1119 1199 et
1142 1166 1224 1199 acti-

92 1228 155 1261 bus
179 1229 445 1275 uniuscujusque
469 1230 701 1275 praestabitur,
728 1239 758 1262 et
782 1228 845 1262 erit
868 1229 1100 1274 unusquisque
1123 1228 1159 1260 in
1184 1241 1224 1260 eo

94 1290 232 1329 ordine,
265 1304 366 1335 quem
397 1292 462 1325 sibi
494 1302 662 1333 gestorum
684 1291 804 1324 merita
838 1291 1058 1323 contulerint:
1089 1290 1171 1323 sicut
1195 1299 1228 1321 ct

93 1353 185 1385 idem
209 1352 335 1386 Paulus
359 1362 564 1398 protestatur
588 1354 701 1386 dicens
734 1354 775 1385 de
799 1352 1067 1393 resurgentibus:
1101 1364 1228 1390 „unus-

94 1414 284 1460 quisque3)
308 1425 421 1448 autem
445 1416 478 1449 in
504 1429 565 1448 suo
599 1415 752 1447 ordine.“
804 1413 895 1446 Hinc
929 1426 1006 1455 ergo
1039 1413 1168 1446 accidet
1192 1412 1227 1445 in

94 1477 359 1516 resurrectione,
394 1486 432 1510 ut
462 1477 694 1521 unusquisque
728 1484 785 1508 aut
809 1476 844 1509 in
868 1475 958 1508 tribu
983 1476 1107 1508 Ruben
1130 1475 1228 1519 spiri-

93 1539 241 1572 tualibus
264 1537 396 1571 indiciis
421 1538 649 1577 adscribatur,
675 1538 722 1570 ob
747 1538 813 1570 hoc
836 1539 1012 1582 profecto,
1047 1538 1142 1581 quod
1167 1536 1227 1569 ali-

96 1600 179 1645 quid
202 1600 237 1633 in
260 1599 433 1640 moribus,
467 1600 614 1638 actibus,
648 1609 704 1632 aut
735 1599 801 1632 vita
832 1598 896 1643 ipsi
921 1599 1043 1632 Ruben
1068 1598 1174 1632 simile
1198 1607 1230 1630 et

97 1662 388 1703 consanguineum
425 1661 553 1694 habuit.
616 1661 709 1694 Alius
744 1670 857 1693 autem
887 1660 924 1693 in
953 1661 1045 1693 tribu
1077 1660 1230 1699 Simeon,

95 1723 242 1757 fortassis
272 1736 338 1767 pro
378 1723 629 1766 obedientia.⁴²)
683 1723 778 1756 Alius
803 1722 839 1755 in
873 1721 962 1755 tribu
992 1721 1083 1761 Levi,
1115 1722 1231 1759 credo,

99 1784 157 1829 qui
178 1785 268 1817 bene
291 1783 440 1829 praefuit
461 1784 664 1827 sacerdotio,
689 1785 744 1817 vel.
766 1785 824 1828 qui
837 1785 923 1817 bene
943 1783 1133 1817 ministrans
1156 1796 1231 1825 gra-

100 1847 183 1879 dum
207 1845 270 1878 sihi
294 1846 425 1878 bonum
457 1845 638 1891 acquisivit.
696 1846 793 1879 Alius
825 1845 861 1879 in
890 1845 984 1878 tribu
1014 1845 1124 1884 Juda,
1157 1857 1229 1877 non

194 1968 231 2012 ι)
255 1968 269 2000 1
294 1967 409 2000 Thess.
435 1967 492 2006 lv,
516 1968 567 2001 15.
593 1968 645 2001 17.

191 2025 228 2070 ²)
253 2025 415 2065 vulgatae
439 2024 603 2057 editiones
626 2024 674 2067 (e.
701 2037 728 2056 c.
755 2024 832 2056 edd.
856 2021 1086 2067 M.)l1abent:
1109 2031 1232 2066 „atque

101 2072 144 2105 ad
168 2069 363 2116 paradisum
378 2069 422 2102 ‘in
446 2083 549 2102 unam
576 2082 614 2101 cx
637 2067 762 2109 multis,
785 2081 870 2113 quae
887 2069 978 2112 apud
994 2078 1122 2113 patrem
1143 2077 1232 2107 sunt,

100 2115 336 2150 mansionibus
358 2114 613 2148 transferendi.“
661 2114 730 2148 Sed
754 2127 871 2147 omncs
891 2113 971 2147 Mss.
996 2123 1032 2147 ut
1054 2114 1089 2147 iu
1113 2122 1230 2146 nostro

101 2170 202 2195 textu.
230 2161 268 2193 R.

194 2216 233 2260 3)
257 2216 271 2247 Ι
297 2215 376 2248 Cor.
402 2215 478 2254 XV,
501 2216 556 2249 23.

195 2271 234 2317 ⁴)
256 2271 343 2306 Edd.
368 2271 525 2306 Merlini:
551 2270 776 2306 obaudientia.
