1427 2460
339 75 376 99 m
395 65 577 97 Nummos
602 63 761 98 HOMILIA
777 65 838 97 XI.
1094 65 1160 99 123

29 157 68 190 lis
92 157 268 199 gaudeam,
291 164 324 188 et
346 154 504 187 exsultem
530 154 572 186 de
594 153 740 187 aliorum
765 153 887 192 ruinis,
909 152 970 186 ista
994 152 1062 198 jam
1087 167 1160 186 non

31 219 142 251 solum
164 231 259 257 vana,
282 217 340 250 sed
363 225 400 249 et
420 215 591 249 diabolica
614 214 745 257 gaudia,
769 215 840 248 imo
865 228 927 248 nec
952 215 1073 256 gaudia
1095 229 1161 247 no-

29 280 191 326 minanda
214 287 299 312 sunt.
343 277 445 318 „Non
460 277 494 321 ¹)
519 287 567 310 est
598 278 744 318 gaudere
767 276 897 321 impiis,
934 278 1013 310 dicit
1035 277 1162 310 Domi-

30 344 126 375 nus.“
170 341 261 373 Volo
296 339 408 373 adhue
445 348 478 371 et
513 340 616 372 alium
652 340 799 372 fructum
832 339 944 380 gaudii
980 339 1162 384 requirere,

31 403 101 436 imo
118 411 150 434 et
164 400 244 434 alias
258 400 422 445 primitias
439 401 652 443 gaudiorum.
685 401 723 434 Si
737 403 900 442 gaudeam
914 402 950 433 in
965 401 1069 433 verbo
1086 401 1163 433 Do-

30 462 124 501 mini,
148 461 174 497 si
198 464 363 505 gaudeam
387 462 578 496 descientia
592 462 831 509 mysteriorum
847 461 926 501 Dei,
948 462 974 494 si
988 463 1163 502 gaudeam,

31 524 125 569 quod
151 524 271 566 dignus
296 525 431 558 habitus
461 539 554 564 sum,
585 523 768 568 sapientiae
799 522 865 555 Dei
896 532 1023 556 secreta
1054 532 1086 555 et
1109 535 1162 554 ar-

31 598 114 619 cana
138 598 355 628 cognoscere,
378 587 406 620 si
430 587 606 628 gaudeam,
631 586 725 630 quod
740 584 863 618 relictis
883 584 1052 624 omnibus,
1077 597 1165 628 quae

31 657 110 681 sunt
132 646 168 680 in
193 648 260 681 hoc
282 649 426 687 mundo,
449 661 522 680 non
545 648 656 681 solum
675 646 862 686 inutilibus,
885 647 945 680 sed
970 655 1002 679 et
1015 645 1165 685 utilibus,

31 721 103 741 non
127 711 239 742 solum
263 711 372 750 vanis,
406 710 465 743 sed
491 718 522 742 et
551 708 760 756 necessariis,
794 707 858 742 soli
882 721 937 741 me
969 709 1073 740 verbo
1098 706 1166 739 Dei

34 780 135 814 atque
159 769 230 816 ejus
252 771 435 815 sapientiae
446 770 688 815 manciparim:
714 770 749 802 in
770 770 809 803 iis
835 769 995 803 omnibus
1019 768 1106 809 satis,
1128 777 1168 801 ut

32 840 130 875 puto,
153 840 311 875 acceptae
334 831 411 864 Deo
437 831 608 876 primitiae
631 831 744 872 gaudii
777 832 976 865 offerentur.
1035 831 1104 865 Sed
1135 839 1168 864 et

34 893 77 925 de
102 892 218 926 ceteris
240 893 407 926 fructibus
429 893 563 938 spiritus
589 906 627 926 ex
653 894 722 927 otio
739 892 933 937 unicuique,
958 905 1046 938 quae
1070 906 1166 925 corn-

33 963 169 999 petunt,
208 953 322 987 licebit
353 963 486 1000 aptare,
523 968 567 987 ne
597 967 661 987 nos.
692 967 885 989 sermonem
915 953 1003 1000 justo
1034 954 1168 998 longius

33 1016 283 1061 protrahamus.

124 1077 156 1111 9.
180 1077 296 1121 ‚‚Et²)
320 1078 362 1110 ab
388 1077 556 1116 omnibus,
588 1076 710 1121 inquit,
737 1077 938 1110 muneribus
953 1077 990 1122 ³)
1017 1082 1170 1110 eorum.“

34 1140 164 1172 Munus
189 1140 262 1183 quis
289 1139 412 1171 obtulit
436 1138 524 1178 Deo,
549 1147 580 1170 et
603 1144 780 1171 rursus'ex
805 1152 947 1171 munere
973 1140 1170 1173 offerendae

37 1210 113 1233 sunt
142 1200 311 1244 primitiae
340 1199 507 1244 pontifici.
574 1198 650 1231 Hoc
681 1200 716 1232 in
748 1199 959 1244 expositione
991 1199 1170 1242 allegorica

37 1262 82 1294 ita
107 1261 255 1294 arbitror
276 1274 375 1305 posse
401 1270 565 1294 constare.
619 1260 656 1292 Si
689 1260 762 1304 quis
786 1261 838 1292 vel
863 1261 1035 1301 egentibus
1060 1262 1172 1295 distri-

36 1323 129 1361 buat,
152 1323 204 1354 vel
223 1322 321 1354 faciat
345 1321 472 1365 aliquid
496 1321 580 1354 boni
613 1321 742 1365 operis,
771 1335 836 1365 pro
860 1324 1021 1356 mandato
1047 1337 1172 1356 munus

39 1383 163 1417 obtulit
186 1383 276 1416 Deo.
330 1382 400 1415 Sed
430 1374 591 1426 rursus4)
621 1383 772 1416 muneris
804 1384 905 1416 offert
935 1384 1114 1429 primitias,
1145 1384 1173 1417 si

37 1458 109 1478 non
134 1445 247 1477 solum
271 1444 376 1483 cibos,
400 1444 492 1476 verbi
518 1445 630 1486 gratia,
655 1445 705 1477 vel
720 1445 901 1489 pecuniam
919 1446 1088 1489 largiatur,
1113 1447 1172 1478 sed

40 1516 73 1540 et
96 1507 255 1539 affectum
287 1505 519 1547 miserendi5)
550 1506 691 1547 habeat,
728 1516 760 1540 et
792 1507 1033 1552 compatiendi.
1097 1508 1174 1541 Hoc

40 1567 130 1601 enim
155 1577 211 1607 est,
243 1567 338 1611 quod
370 1567 509 1612 requirit
533 1569 575 1600 ab
600 1569 740 1601 homine
763 1568 875 1608 Deus,
907 1578 944 1601 ut
975 1582 1071 1602 mens
1101 1570 1174 1613 ipsa

40 1629 104 1675 piis
137 1639 168 1662 et
203 1628 480 1662 misericordibus
510 1630 681 1674 repleatur
714 1639 747 1662 et
778 1631 947 1662 formetur
983 1631 1172 1663 affectibus.

41 1691 109 1732 „Et
122 1690 158 1735 ⁶)
183 1691 225 1724 ab
251 1690 410 1723 omnibus
433 1690 777 1735 immolationibus⁷)
803 1696 955 1724 eorum.“
1010 1692 1174 1725 Immola-

138 1836 171 1880 ¹)
196 1835 296 1868 Jesai.
322 1835 422 1875 LVII,
445 1836 499 1869 21.
597 1836 634 1880 ²)
659 1837 759 1869 Num.
784 1835 913 1875 XVIII,
937 1836 967 1869 9.

136 1891 174 1935 ³)
196 1892 286 1925 Edd.
319 1891 459 1924 Merlini
487 1904 685 1936 perperam:
716 1892 915 1925 muneribus
947 1904 1068 1924 eorum
1100 1905 1176 1924 mu-

44 1950 108 1970 nus
132 1937 205 1980 quis
221 1935 354 1969 ⁴obtulit
378 1936 467 1969 Deo.
515 1936 558 1968 Et
581 1951 695 1970 rursus
720 1946 781 1970 etc.

137 1991 174 2035 ⁴²)
200 1991 287 2025 Cod.
318 1991 550 2025 Belvacensis:
589 1996 771 2032 ‚,rursus.“
835 1992 929 2025 Libri
961 1992 1040 2025 editi
1070 1993 1118 2036 (v.
1149 2006 1176 2026 c.

48 2038 124 2071 edd.
148 2036 234 2080 Μ.);
258 2036 413 2081 „hujus.“
436 2037 476 2069 R.

142 2093 178 2135 ⁵)
202 2092 291 2125 Edd.
314 2092 474 2125 Merlini:
497 2091 691 2125 miserandi.

142 2142 179 2190 ⁶)
202 2149 305 2181 Num.
330 2148 456 2188 xvnl,
478 2149 512 2183 9.

143 2203 179 2245 ⁷)
202 2203 290 2237 Edd.
322 2203 463 2237 {Merlini
491 2217 688 2248 perperam:
728 2203 1020 2238 immolationibus
1061 2218 1179 2238 eorum

0 2238 8 2339 γ
53 2249 242 2282 immolatio
268 2249 449 2294 spiritualis
470 2258 517 2283 est
540 2248 611 2289 illa,
635 2258 694 2282 etc.

0 2343 8 2460 k
