1427 2460
320 103 359 128 m
382 94 561 127 Nummos
583 92 743 126 HommA
759 92 903 126 XXVII.
1103 94 1168 129 351

131 186 185 220 10.
230 184 313 217 Post
336 184 420 221 haee
442 182 707 227 proficiscuntur
730 182 773 215 de
796 181 910 225 Iroth,
945 191 975 215 ct
998 192 1171 217 transeunt

41 260 103 292 per
126 245 278 280 medium
297 243 399 278 maris
422 244 534 284 rubri,
566 253 600 277 et
629 243 869 289 applicuerunt
899 245 942 277 ad
972 244 1169 278 amaritudi-

41 321 110 342 nes.
157 307 323 347 Diximus,
346 315 480 351 tempus
504 306 722 351 profectuum
747 315 882 350 tempus
907 319 975 339 csse
997 306 1170 351 periculo-

38 382 126 403 rum.
155 368 288 413 .Quam
311 368 454 402 molesta
475 367 626 408 tentatio,
649 366 791 401 transire
813 380 876 412 per
893 368 1044 401 medium
1064 381 1169 409 mare,

39 430 152 464 videre
173 430 354 474 fluctus-in
377 429 552 463 cumulum
578 441 744 469 crescere,
773 429 891 463 audire
914 431 1085 462 undarum
1115 429 1169 462 in·

37 491 241 526 sanientium
264 504 362 525 voces
388 502 419 525 et
442 480 615 536 strepitus:
638 490 698 524 sed
722 499 836 523 tamen
860 490 887 523 si
912 490 1061 535 sequaris
1084 490 1166 523 Mo-

37 566 113 592 sen,
137 553 173 586 id
198 562 262 593 est,
287 553 395 594 legem
419 552 503 593 Dei,
527 565 635 597 aquae
659 551 721 584 tibi
744 564 861 585 murus
887 552 1021 584 dextera
1054 551 1165 584 laeva-

38 628 106 659 que
139 614 240 653 fient,
276 624 308 647 et
344 615 408 648 iter
436 614 584 647 invenies
615 627 678 659 per
705 613 831 647 siccum
862 613 898 646 in
932 612 1046 646 medio
1071 612 1166 645 mari.

38 676 108 709 Sed
133 686 164 709 et
186 676 272 709 illud
295 677 358 709 iter
382 677 543 716 coeleste,
582 675 677 720 quod
708 687 806 716 agere
839 675 981 708 dicimus
1008 675 1167 713 animam,

35 747 147 782 potest
169 738 260 777 fieri,
292 747 330 770 ut
353 738 476 770 habeat
500 737 628 782 aliquid
654 749 837 781 aquarum,
871 746 982 781 potest
1004 738 1095 776 fieri,
1130 745 1167 768 ut

36 799 85 832 ibi
107 799 323 833 inveniamur
344 800 474 832 undae:
512 809 560 832 est
584 800 674 832 enim
698 799 746 832 ibi
761 797 794 841 ¹)
819 811 897 842 pars
923 797 1033 842 aliqua
1059 810 1164 841 aqua-

35 875 131 901 rum,
163 870 195 893 et
221 874 300 905 pars
335 860 447 905 aliqua
480 862 543 894 sub
577 862 692 894 coelo:
725 870 756 893 et
779 873 842 894 nos
872 859 1007 892 interim
1033 859 1166 897 harum,

35 934 123 966 quae
145 922 208 954 sub
234 921 333 954 coelo
357 931 453 962 sunt,
476 935 642 966 aquarum
666 923 774 956 undas
803 923 995 965 fluctusque
1024 919 1167 964 perseri-

34 996 128 1015 mus:
150 982 246 1015 Deus
271 982 406 1025 viderit,
429 985 456 1017 si
479 984 558 1017 illae
582 985 714 1029 quietae
737 993 832 1024 sunt,
857 993 888 1016 et
911 981 1077 1028 placidae,
1100 994 1163 1014 nec

34 1043 204 1089 aliquibus
233 1044 339 1078 ventis
374 1045 533 1079 flantibus
565 1046 759 1080 excitantur.
822 1044 892 1078 Sed
929 1057 993 1077 nos
1029 1043 1165 1076 interim

35 1119 113 1139 cum
149 1105 340 1139 venerimus
373 1107 416 1139 ad
452 1107 628 1141 transitum
663 1106 782 1147 maris,
828 1106 957 1140 etiamsi
993 1105 1166 1138 videamus

35 1167 252 1200 Pharaonem
285 1177 318 1201 et
347 1168 529 1214 Aegyptios
559 1168 794 1213 insequentes,
830 1168 915 1201 nihil
943 1166 1164 1212 trepidemus,

33 1228 149 1262 nuilus
178 1227 270 1272 de²)
301 1227 352 1262 his
382 1239 508 1269 metus,
542 1230 637 1263 nulla
667 1230 817 1263 formido
859 1229 910 1264 sit.
978 1228 1164 1262 Credamus

34 1299 171 1336 tantum·
200 1290 236 1323 in
275 1303 383 1323 unum
418 1304 534 1324 verum
565 1292 698 1332 Deum,
736 1301 768 1324 et
800 1304 902 1336 quem
933 1290 1024 1323 misit
1054 1290 1164 1323 filium

33 1365 133 1385 suum
153 1351 274 1385 Jesum
299 1351 481 1385 Christum.
530 1352 637 1396 Quod
663 1362 694 1386 et
716 1354 743 1387 si
769 1353 901 1386 dicatur
922 1352 1073 1397 populus
1086 1351 1165 1383 Deo

34 1413 232 1453 credidisse,
269 1422 301 1446 et
324 1414 455 1446 famulo
482 1411 553 1459 ejus
576 1414 687 1457 mosi,
723 1414 891 1448 credimus
915 1423 947 1446 et
975 1412 1087 1453 nos3)
1112 1425 1165 1445 sc-

33 1475 186 1508 cundum
211 1475 279 1508 hoc
303 1475 405 1508 etiam
429 1474 536 1516 Mosi‚
564 1475 599 1510 id
625 1486 689 1517 est,
720 1476 784 1519 legi
810 1476 894 1516 Dei,
919 1484 951 1508 et
974 1472 1166 1518 prophetis.

34 1536 203 1570 Constans
227 1548 306 1577 ergo
333 1545 422 1576 esto,
460 1546 493 1570 et
515 1539 620 1582 paulo
646 1547 724 1584 post
753 1538 883 1581 videbis
909 1535 1090 1582 Aegyptios
1114 1534 1164 1580 ja-

33 1607 146 1631 centes
170 1598 214 1631 ad
237 1598 315 1631 litus
339 1599 450 1632 maris.
505 1598 594 1632 Cum
627 1609 740 1633 autem
770 1598 892 1633 videris
924 1611 981 1631 cos
1006 1597 1164 1643 jacentes,

30 1669 70 1693 tu
94 1671 230 1702 exsurge
253 1668 285 1692 et
309 1669 406 1693 canta
429 1659 464 1692 in
490 1660 626 1694 canticis
651 1661 817 1701 Domino,
842 1669 873 1693 et
897 1661 1055 1693 collauda
1076 1672 1166 1699 eum,

32 1720 91 1766 qui
122 1734 248 1766 equum
280 1729 312 1754 et
345 1721 582 1755 adscensorem
622 1723 780 1757 demersit
809 1723 845 1755 in
876 1722 1019 1754 rubrum
1058 1733 1164 1754 mare.

33 1783 284 1828 Applicuerunt
307 1795 386 1825 ergo
411 1784 456 1816 ad
479 1784 730 1820 amaritudines.
782 1783 935 1816 Audiens
967 1781 1165 1815 amaritudi-

30 1857 90 1879 nes
113 1858 186 1878 non
209 1858 384 1889 pavescas,
406 1858 518 1890 neque
541 1845 705 1880 terrearis.
751 1845 898 1888 „Omnis
911 1843 948 1887 ⁴²)
973 1844 1062 1877 enim
1087 1857 1164 1876 eru-

32 1904 118 1938 ditio
155 1906 200 1938 ad
236 1918 394 1951 praesens
430 1920 504 1940 non
533 1894 666 1941 videtur
698 1907 806 1941 dulcis
830 1919 918 1946 esse,
947 1907 1006 1939 sed
1038 1918 1163 1939 amara.

32 1966 155 2002 Postea
178 1980 258 2001 vero
283 1969 432 2002 fructum
458 1968 708 2009 dulcissimum,
741 1978 773 2002 et
794 1967 1044 2014 pacatissimum
1069 1979 1162 2000 exer·-

127 2101 162 2145 1)
185 2101 409 2136 Desidet-atur
438 2104 528 2145 ‚,ibi“
552 2104 588 2137 in
613 2105 690 2138 edd.
714 2104 765 2137 M.

124 2158 162 2202 2>
185 2158 275 2192 Edd.
300 2158 457 2194 Merlini:
482 2161 525 2194 de
548 2160 587 2194 iis
610 2169 720 2195 metus
746 2168 807 2194 etc.

125 2214 162 2257 ³)
185 2214 274 2247 Edd.
298 2215 425 2248 Ruaei:
448 2229 529 2250 non.

123 2269 161 2313 ⁴)
184 2270 289 2304 Hehr.
311 2271 390 2311 XII,
414 2273 445 2306 4.
