1427 2460
227 92 297 129 368
712 91 890 127 Omenms

229 186 308 218 dem
341 181 484 218 definire
515 194 589 215 non
622 183 744 216 audeo.
792 183 904 217 Video
938 183 1028 217 enim
1062 197 1201 219 omnem
1234 196 1366 221 creatu-

228 260 302 280 ram
316 246 362 290 ¹),
393 245 427 277 in
453 257 512 289 spe
544 243 683 288 quidem
716 254 859 289 propter
889 258 987 286 eum,
1017 247 1076 292 qui
1100 246 1262 293 subjecit,
1293 262 1364 282 esse

226 307 432 354 subjectam,
477 315 669 350 exspectare
707 315 822 339 tamen
860 307 1051 342 libertatem
1085 308 1120 341 in
1151 309 1365 343 redemtione

227 371 379 404 filiorum
403 367 469 401 Dei
492 368 566 401 sine
589 367 710 408 dubio,
735 377 767 401 et
788 369 996 412 praeclarius
1022 370 1151 416 aliquid
1177 379 1235 404 aut
1257 372 1365 406 subli-

227 432 315 465 mius
340 429 477 475 operiri.

315 493 347 528 3.
373 492 410 525 Si
427 504 518 533 ergo,
543 502 578 526 ut
601 492 758 532 diximus,
780 492 938 525 umbram
967 492 1069 525 habet
1090 493 1143 526 lex
1165 495 1364 528 futurorum

225 557 422 594 honorum,
447 563 480 587 et
504 554 687 598 exemplari
712 563 744 586 et
767 554 909 587 umbrae
933 554 1125 588 deserviunt
1155 557 1363 595 coelestium,

227 617 285 662 qui
309 617 343 650 in
368 618 441 658 lege
466 615 669 656 deserviunt,
694 625 725 648 et
748 629 840 649 nunc
863 630 924 661 per
947 618 1123 661 speculum
1149 618 1230 651 etin
1249 618 1362 661 aenig-

224 689 330 720 mate,
355 687 436 711 tunc
460 688 572 711 autem
597 678 683 710 facie
707 678 749 710 ad
773 678 894 711 faciem
925 679 1107 712 habebitur
1138 692 1251 713 rerum
1280 693 1364 714 con-

225 740 419 786 templatio,
443 741 567 779 credo,
598 740 693 784 quod
718 748 750 772 et
773 753 867 773 nunc
892 740 1184 775 conversationem
1217 741 1363 775 dicimur

225 804 353 836 habere
376 802 410 834 in
436 801 539 835 coelis
569 814 632 845 per
663 802 858 846 speculum,
884 812 916 835 et
939 802 974 835 in
999 803 1201 846 aenigmate,
1231 812 1313 837 tunc
1326 804 1364 848 ²)

226 874 337 898 autem
362 863 448 897 facie
472 865 514 896 ad
539 863 678 902 faciem,
701 864 801 895 talem
828 864 1119 898 conversationem
1155 865 1365 899 merebimur

225 927 352 959 habere
383 926 419 959 in
450 926 563 959 coelis.
613 925 650 958 Si
676 937 755 967 ergo
786 937 849 969 per
879 929 1159 971 consequentiam
1189 941 1304 961 rerum
1329 937 1363 962 et

224 987 494 1033 promissionum
525 989 628 1020 fidem
662 1000 725 1020 nos
756 988 932 1021 transferri
957 989 999 1021 de
1033 989 1130 1022 terris
1160 998 1298 1034 oportet
1320 991 1364 1023 ad

227 1051 377 1089 coelum,
400 1058 504 1094 puto,
535 1050 630 1093 quod
655 1048 690 1080 in
714 1048 794 1092 ipsis
819 1050 1020 1083 coelestibus
1050 1049 1135 1083 locis
1164 1051 1262 1084 Jesus
1286 1051 1363 1084 Do-

223 1113 336 1145 minus
359 1121 476 1144 noster
498 1123 570 1143 non
595 1110 724 1154 absque
746 1111 946 1144 meritorum
969 1120 1061 1144 sorte
1082 1124 1366 1158 unumquemque

224 1174 259 1207 in
283 1174 351 1214 illa,
375 1173 428 1207 vel
450 1171 509 1205 illa
533 1172 620 1205 coeli
647 1181 745 1217 parte
769 1183 800 1207 et
823 1173 1034 1207 habitati0ne
1057 1172 1246 1207 constituat.
1293 1175 1364 1208 Sed

223 1236 310 1270 sicut
332 1237 439 1269 multa
465 1243 514 1269 est
536 1234 728 1269 differentia
752 1234 788 1268 in
812 1236 923 1275 terris,
947 1235 1042 1269 verbi
1065 1235 1187 1279 gratia,
1211 1235 1364 1270 habitare

223 1298 260 1331 in
284 1298 367 1331 locis
393 1297 546 1330 fecundis
571 1305 603 1329 et
626 1297 783 1342 copiosis,
809 1310 848 1330 ac
871 1297 971 1330 bonis
997 1297 1157 1331 omnibus
1182 1298 1362 1332 abundan-

224 1359 324 1399 tibus,
333 1358 394 1392 ubi
410 1367 441 1391 et
457 1358 543 1391 aEris
555 1357 745 1403 temperies,
757 1367 788 1391 et
798 1359 943 1392 eruditio
958 1360 1196 1400 hominum,ac
1210 1360 1365 1395 liberalia

223 1421 373 1454 instituta
396 1433 470 1453 non
495 1421 634 1454 desunt:
666 1429 697 1452 et
720 1421 824 1463 longe
849 1421 940 1454 aliud
967 1431 1014 1454 est
1045 1421 1213 1462 habitare,
1244 1431 1303 1456 aut
1324 1423 1362 1457 in

223 1482 306 1516 locis
328 1481 530 1523 infecundis,
553 1491 585 1515 et
598 1495 714 1515 rerum
739 1481 881 1526 penuria
906 1482 1080 1527 squalidis,
1103 1492 1162 1516 aut
1179 1494 1271 1517 aestu
1290 1493 1363 1519 tor-

223 1543 317 1584 ridis,
340 1554 398 1577 aut
420 1544 547 1585 frigore
571 1543 716 1588 geluque
740 1544 966 1588 torpentibus,
990 1546 1043 1578 vel
1068 1554 1156 1578 certe
1169 1545 1229 1578 ubi
1245 1547 1361 1580 nullae

222 1607 328 1648 leges,
352 1606 411 1639 sed
434 1605 591 1639 immanis
617 1615 649 1638 et
671 1619 768 1638 saeva
793 1606 984 1646 barbaries,
1017 1606 1077 1639 ubi
1107 1607 1196 1640 bella
1227 1621 1363 1653 semper

224 1678 257 1701 et
279 1680 457 1712 nunquam
484 1668 587 1712 quies,
613 1677 644 1700 et
667 1668 750 1700 haec
774 1680 848 1700 non
871 1667 944 1701 sine
969 1669 1104 1702 occulta
1128 1670 1276 1714 quadam
1294 1670 1363 1705 Dei

224 1729 490 1774 dispensatione,
514 1738 546 1762 et
568 1728 697 1776 judicio
723 1727 805 1774 ejus,
828 1739 861 1762 et
883 1728 1009 1776 justitia
1033 1731 1220 1781 unicuique
1244 1732 1363 1766 decer-

222 1800 370 1825 nuntur:
402 1790 446 1824 ita
470 1800 503 1824 et
525 1793 561 1824 in
584 1791 650 1824 illis
674 1791 759 1824 locis
784 1791 846 1824 erit
869 1791 1000 1837 aliquid
1027 1794 1112 1833 tale,
1142 1803 1180 1826 ut
1201 1793 1238 1827 in
1262 1795 1360 1828 nullo

221 1866 362 1898 prorsus
385 1853 495 1887 inanis
519 1853 687 1885 habeatur
708 1852 742 1885 in
768 1853 863 1886 terris
886 1854 1009 1886 umbra
1034 1854 1239 1889 coelestium.
1288 1855 1363 1890 Erit

224 1927 303 1957 ergo
328 1923 359 1947 et
382 1915 446 1955 ibi,
470 1924 506 1948 ut
531 1914 693 1955 diximus,
718 1913 830 1959 aliqua
856 1915 968 1948 civitas
992 1916 1129 1957 refugii,
1155 1925 1188 1949 et
1211 1916 1273 1950 erit
1296 1917 1361 1950 alia

222 1976 258 2008 in
285 1977 429 2017 deserto,
452 1977 538 2010 sicut
560 1976 691 2011 Bossor
714 1976 750 2009 in
774 1977 981 2011 haereditate
1004 1976 1129 2011 Ruben
1154 1977 1266 2013 civitas
1290 1992 1361 2013 esse

223 2036 346 2070 dicitur
370 2038 405 2071 in
430 2039 573 2072 deserto.

317 2186 352 2228 ¹)
379 2187 448 2221 Cfr.
474 2189 576 2223 Rom.
602 2190 692 2232 VIII,
718 2192 770 2228 19.
794 2204 886 2237 seqq.

314 2243 349 2287 ²)
373 2243 463 2295 Edd.
489 2245 646 2281 Merlini:
682 2257 771 2282 tuncf
796 2257 909 2281 autem
934 2248 1020 2281 facie
1044 2249 1088 2282 ad
1111 2248 1250 2282 faciem:
1281 2261 1360 2282 cum

222 2298 514 2325 conversationem
539 2294 763 2327 merebuntur
787 2294 914 2327 habere
936 2293 972 2327 in
996 2293 1108 2328 coelis.
