1427 2460
227 100 273 136 18
714 95 897 131 omanus

230 202 293 236 per
316 188 460 230 singulas
485 198 635 231 quasque
665 185 772 219 tribus
805 195 1049 231 sequestratus,
1084 194 1177 218 certo
1208 187 1272 220 sub
1303 201 1368 221 nu-

231 264 328 286 mero
352 248 533 284 recensitus
557 247 616 280 sit:
652 249 746 292 quod
778 262 843 281 nos
879 249 969 281 velut
1002 261 1080 281 cum
1106 256 1178 281 tota
1201 247 1303 281 simul
1325 249 1369 282 li-

231 313 314 347 belli
346 309 555 345 continentia
588 318 812 354 exponentes,
848 310 995 343 formam
1029 309 1173 344 diximus
1197 322 1266 343 esse
1289 323 1370 356 per-

231 374 410 419 scriptam,
450 371 632 417 quomodo
671 372 821 416 populus
851 371 919 406 Dei
957 372 1132 414 egrediens
1168 373 1211 406 de
1247 371 1371 406 mundi

232 435 333 480 hujus
359 436 532 481 AegyptO,
564 443 595 466 et
620 433 661 465 ad
685 442 810 466 terram
836 434 1124 478 repromissionis,
1161 434 1198 468 id
1222 443 1286 474 est,
1317 435 1370 468 vel

234 498 277 531 ad
302 497 463 530 virtutum
488 496 615 534 locum,
639 496 691 527 vel
717 496 759 527 ad
784 495 877 537 regui
903 496 1079 528 coelorum
1103 496 1246 538 gloriam
1271 497 1369 529 here-

234 559 442 602 ditatemque
465 557 635 596 festinans,
660 556 838 590 ordinibus
863 557 1084 601 quibusdam,
1111 568 1143 591 et
1167 558 1370 592 meritorum

235 620 393 662 gradibus
418 620 617 652 deducatur.
673 618 727 658 Et,
746 632 808 664 per
832 619 915 651 haec
942 619 1150 653 ostendimus
1176 621 1371 654 futurorum

233 683 409 715 bonorum
434 679 721 722 magnificentiam
744 681 778 713 in
801 680 879 722 legis
904 680 1106 723 imaginibus
1123 682 1371 715 adumbratam.

234 744 336 777 Nunc
369 755 449 776 vero
481 741 635 775 lectionis
669 741 767 788 hujus
791 741 944 782 initium,
981 755 1069 787 quae
1099 743 1204 776 hodie
1234 743 1372 777 recitata

234 815 291 844 est,
317 807 438 838 edocet
461 817 524 836 nos
550 804 693 848 qualiter
719 805 760 836 ab
786 804 853 843 his,
885 804 943 849 qui
975 805 1052 837 Deo
1078 803 1261 848 mancipati
1284 813 1372 844 sunt,

236 880 300 900 nec
331 866 507 911 implicant
536 879 571 898 se
602 864 742 907 negotiis
766 866 991 906 secularibus,
1022 875 1251 910 componatur
1282 867 1370 899 ordo

236 938 434 962 castrorum.
482 927 538 961 Ait
561 927 670 961 enim:
694 928 796 971 „et¹)
819 927 952 961 locutus
978 936 1025 960 est
1042 927 1214 960 Dominus
1227 928 1270 961 ad
1291 927 1372 960 Mo-

236 1004 313 1030 sen,
346 999 378 1023 ct
402 992 522 1023 Aaron
558 989 687 1022 dicens:
720 990 826 1021 homo
857 989 1046 1022 secundum
1080 988 1238 1022 ordinem
1262 1001 1372 1027 suum,

238 1062 270 1085 et
292 1052 479 1086 secundum
503 1050 593 1093 signa
619 1063 694 1091 sua,
735 1059 768 1083 et
795 1051 984 1083 secundum
1016 1051 1140 1084 domus
1163 1049 1373 1083 familiarum

235 1126 374 1146 suarum
399 1122 503 1145 castra
528 1113 691 1145 collocet:
721 1111 781 1146 filii
804 1112 906 1145 Israel
937 1125 976 1145 ex
1005 1112 1146 1146 adverso
1169 1111 1206 1145 in
1230 1111 1375 1145 circuitu

234 1174 445 1207 tabernaculi
467 1173 654 1207 testimonii
677 1173 885 1207 considant.“
930 1173 1047 1207 Moses
1071 1173 1169 1207 dicit:
1193 1174 1300 1206 homo
1321 1185 1373 1206 se-

236 1237 388 1269 cundum
415 1236 573 1269 ordinem
595 1249 706 1274 suum,
734 1244 765 1268 et
785 1237 975 1269 secundum
999 1235 1091 1278 signa
1105 1250 1175 1275 sua,
1198 1245 1231 1268 et
1252 1247 1374 1269 secun-
1398 1226 1401 1227 ⁷

237 1299 320 1331 dum
346 1299 467 1331 domos
492 1297 697 1330 familiarum
719 1310 857 1330 suarum
871 1297 1007 1331 incedat
1021 1298 1055 1330 in
1071 1297 1203 1331 castris:
1228 1307 1260 1330 et
1283 1297 1375 1330 Pau-

237 1360 289 1394 lus
313 1359 413 1392 dicit:
437 1358 624 1403 „ornuia²)
648 1360 790 1391 honeste
813 1368 846 1391 et
869 1360 1058 1392 secundum
1075 1359 1233 1392 ordinem
1258 1360 1374 1393 fiant.“

236 1421 282 1454 Et
303 1434 377 1454 non
402 1421 463 1454 tibi
487 1419 620 1453 videtur
643 1434 730 1453 unus
755 1433 824 1453 esse
846 1421 982 1466 spiritus
1002 1421 1080 1461 Dei,
1105 1421 1163 1466 qui
1176 1431 1208 1454 et
1223 1421 1259 1453 in
1275 1421 1375 1454 Mose

238 1482 401 1527 loquitur,
426 1491 459 1515 et
481 1483 516 1515 in
542 1481 678 1515 Paulo?
726 1483 925 1515 Secundum
951 1483 1107 1516 ordinem
1121 1483 1238 1517 Moses
1259 1482 1375 1516 incedi

238 1544 378 1576 mandat
400 1542 435 1576 in
460 1543 588 1576 castris:
619 1545 806 1577 secundum
833 1545 988 1577 ordinem
1015 1554 1135 1578 cuncta
1159 1545 1230 1588 geri
1259 1544 1295 1577 in
1320 1557 1374 1577 ec-

238 1605 336 1638 clesia
360 1605 527 1649 praecipit
550 1605 684 1639 Paulus.
730 1606 776 1638 Et
800 1606 913 1639 Moses
939 1606 1096 1650 quidem,
1130 1606 1188 1651 qui
1219 1606 1284 1648 legi
1307 1606 1372 1638 mi-

236 1666 408 1706 nistrabat,
431 1667 467 1699 in
491 1666 602 1700 castris
627 1666 789 1700 custodiri
815 1668 973 1700 ordinem
999 1668 1111 1712 jubet:
1142 1667 1268 1700 Paulus
1291 1680 1373 1700 vero

237 1737 399 1772 tanquam
424 1728 598 1772 Evangelii
621 1729 783 1768 minister,
807 1742 879 1762 non
904 1730 1017 1762 solum
1029 1729 1066 1761 in
1090 1729 1229 1768 actibus,
1253 1729 1313 1761 scd
1336 1729 1373 1762 iu

237 1789 312 1834 ipso
337 1777 465 1828 habitu,
491 1789 687 1823 ordinatum
714 1791 785 1823 vult
805 1803 873 1823 esse
889 1789 1136 1823 Christianum:
1162 1799 1192 1822 et
1215 1789 1295 1824 ideo
1320 1791 1373 1824 di-

239 1850 302 1883 cit:
326 1849 552 1895 ,‚mulieres³)
581 1851 735 1884 similiter
766 1851 802 1885 in
834 1850 953 1884 habitu
978 1855 1133 1884 ornato.“
1185 1851 1287 1885 Unde
1312 1865 1372 1897 ego

239 1911 395 1951 arbitror,
420 1912 514 1956 quod
537 1925 609 1945 non
634 1913 747 1946 solum
770 1912 805 1945 in
832 1911 952 1945 officiis
977 1921 1008 1945 et
1030 1912 1148 1950 habitu
1167 1914 1291 1946 servari
1316 1927 1373 1947 or-

238 1973 353 2006 dinem
376 1974 506 2012 volunt,
529 1974 589 2006 sed
613 1974 696 2006 dant
718 1973 869 2016 intelligi,
894 1974 990 2018 quod
1012 1973 1054 2007 sit
1071 1973 1189 2018 aliquis
1213 1974 1312 2008 etiam
1335 1975 1372 2009 in

237 2034 348 2067 anima
374 2035 480 2074 ordo,
507 2036 549 2068 de
573 2048 642 2079 quo
668 2035 819 2077 dicatur,
843 2036 938 2081 quod
960 2035 1191 2080 unusquisque
1213 2034 1374 2070 incedere

238 2096 361 2129 debeat
390 2097 579 2129 secundum
610 2096 767 2131 ordinem
797 2110 907 2132 suum.
970 2096 1040 2141 Qui
1070 2098 1157 2130 ordo
1188 2098 1372 2143 praecipue

334 2228 368 2272 Ι)
392 2229 492 2262 Num.
519 2229 560 2270 11,
585 2230 613 2264 1.
639 2232 672 2267 2.
753 2207 806 2276 ’2)
831 2232 845 2265 1
871 2232 951 2267 cor.
976 2232 1068 2273 x1v‚
1091 2233 1146 2268 4ο.

327 2284 365 2327 3)
389 2284 453 2317 Tit.
479 2285 519 2325 Π,
543 2287 572 2321 3.
