1427 2460
203 52 271 88 142
682 53 859 87 Omossms

204 143 264 184 nit,
278 143 313 187 ¹)
337 142 458 188 inquit,
481 143 517 175 in
540 142 679 177 Issaar.“
724 143 832 178 Issaar
849 143 1089 188 interpretatur
1102 143 1256 178 mandati
1279 145 1340 179 ad-

202 205 368 251 impletio.
423 203 459 237 Si
493 216 572 246 ergo
596 204 769 239 veniamus
792 214 825 238 et
847 219 912 239 nos
936 206 979 238 ad
1005 205 1122 239 locum
1154 206 1272 248 istum,
1302 206 1340 240 id

203 276 262 307 est,
285 268 328 299 ad
353 265 580 310 expletionem
604 267 858 308 mandatorum,
883 267 1010 302 etiamsi
1033 281 1112 301 cum
1129 267 1224 300 omni
1247 279 1341 301 exer-

203 329 270 362 citu
292 327 404 360 veniat
427 328 604 360 adversum
635 341 700 361 nos
733 328 828 362 Seon
852 329 912 362 iste
944 330 1067 369 elatus,
1108 337 1141 362 et
1172 329 1340 374 superbus

201 389 370 429 diabolus,
395 398 428 422 et
450 389 610 431 confligat
633 390 811 423 adversum
834 403 909 431 nos,
930 391 957 425 si
978 403 1096 424 omnes
1116 401 1196 424 suos
1219 399 1341 425 contra

200 449 274 484 nos*
292 452 476 484 daemones
500 450 665 492 concitet,
689 464 889 496 superamus
914 465 1011 493 eum,
1034 453 1062 488 si
1084 452 1152 485 Dei
1176 453 1339 487 mandata

201 513 425 557 complemus.
467 512 653 557 Complere
676 513 767 546 enim
791 515 962 555 mandata,
985 515 1053 548 hoc
1078 524 1135 555 est,
1159 514 1345 548 diabolum·

201 583 234 607 et
267 587 405 607 omnem
439 572 510 619 ejus
543 575 725 608 exercitum
749 589 919 621 superare.
972 576 1018 609 Et
1039 585 1122 609 tunc
1148 573 1339 620 complebi-

197 645 254 669 tur
277 636 312 669 in
336 635 437 670 nobis
461 636 649 680 apostolica
676 636 806 677 oratio,
845 651 911 682 qua
937 637 998 671 ait:
1035 637 1200 681 „Deus²)
1224 645 1338 670 autem

199 707 353 730 conteret
385 698 545 731 Satanam
580 699 643 732 sub
667 700 770 743 pedes
793 708 927 733 nostros
951 699 1150 732 velociter-:⁸⁸
1187 698 1338 739 et'illud,

199 760 295 803 quod
319 759 492 793 Dominus
515 761 577 793 ait:
612 759 777 806 „ecce,³)
812 761 891 795 dedi
925 761 1020 794 vobis
1043 769 1244 806 potestatem
1269 761 1338 794 cal-

197 820 297 854 candi
320 834 424 866 super
442 831 624 866 serpentes,
650 831 683 856 et
704 822 912 867 scorpiones,
938 832 970 855 et
992 835 1095 867 super
1105 827 1248 856 bmnem
1272 821 1339 855 vir-

198 891 304 916 tutem
328 882 472 923 inimici,
514 894 546 917 et
578 884 666 917 nihil
688 885 784 918 vobis
808 884 980 918 nocebit.“
1038 884 1132 917 Nihil
1157 883 1248 917 enim
1271 895 1338 916 no-

179 942 274 977 cere
297 944 392 977 vohis
417 954 581 989 poterunt
604 947 665 980 ista
691 945 823 986 omnia,
854 946 880 979 si
905 946 1078 979 veniamus
1101 946 1138 978 in
1161 946 1278 985 Issa-ar,
1301 944 1337 978 id

197 1016 256 1046 est,
288 1005 316 1039 si
338 1007 497 1040 mandata
524 1016 555 1040 et
579 1016 760 1052 praecepta
784 1007 932 1041 Domini
961 1007 1069 1041 nostri
1102 1007 1183 1041 Jesu
1210 1001 1343 1039 Christi'

196 1080 384 1107 servemus,
417 1068 470 1101 cui
497 1078 544 1102 est
569 1069 674 1110 gloria
700 1078 733 1102 et
758 1069 941 1114 imperium
965 1070 1001 1103 in
1025 1069 1158 1103 saecula
1181 1067 1336 1102 saeculo-

195 1142 281 1162 rum.
330 1131 452 1162 Amen.

461 1353 863 1417 HoMl'LlA
921 1378 1056 1418 xm,

194 1477 250 1509 De
272 1475 327 1516 iis,
352 1488 440 1521 quae
463 1476 705 1520 superfuerunt
727 1475 836 1520 priori
859 1475 1032 1515 tractatui,
1058 1485 1091 1509 et
1115 1476 1158 1509 de
1181 1475 1336 1516 Balaam,

604 1547 705 1582 atque
728 1536 819 1570 asina
845 1535 925 1582 ejus.

283 1629 314 1662 1.
339 1628 506 1662 Hesterna
527 1627 582 1660 die
597 1627 798 1668 dixeramus,
814 1628 993 1672 quomodo
1015 1626 1108 1661 seon
1131 1640 1188 1661 rex
1209 1629 1336 1661 Amor-

192 1680 387 1731 rhaeorum,
413 1690 470 1735 qui
495 1699 541 1723 est
565 1689 680 1729 elatus,
704 1698 736 1721 et
760 1689 865 1722 arbor
888 1687 1116 1729 infructuosa,
1140 1701 1337 1732 congressus

193 1766 272 1786 cum
297 1751 400 1787 Israel
420 1750 525 1785 victus
548 1750 668 1784 fuerit:
695 1752 736 1784 de
761 1764 830 1803 (lu-0
855 1760 886 1785 et
911 1752 1130 1785 observanter
1154 1750 1334 1796 Scriptura

191 1813 344 1859 dicit,⁴²)
368 1813 447 1858 quia
471 1812 593 1846 cecidit
615 1813 651 1846 in
675 1825 759 1846 nece
783 1812 905 1854 gladii,
929 1813 992 1853 vel,
1015 1821 1053 1845 ut
1077 1811 1160 1845 alibi
1181 1811 1334 1854 legimus,

190 1875 228 1908 in
253 1887 314 1908 ore
337 1874 451 1917 gladii.
498 1874 568 1909 Sed
591 1875 619 1909 si
642 1874 688 1909 vis
714 1874 906 1918 diligentius
924 1873 1020 1915 scire,
1044 1886 1113 1919 quo
1138 1872 1251 1916 gladio
1276 1873 1332 1906 in-

190 1937 385 1970 fructuosus
407 1936 478 1977 iste,
503 1946 536 1970 et
560 1938 665 1971 elatus
689 1937 776 1971 sicut
801 1937 921 1970 cedrus
937 1935 1060 1969 Libani
1084 1934 1253 1975 ceciderit,
1277 1935 1331 1968 di-

191 2010 322 2031 scamus
355 1999 397 2031 ab
433 2000 590 2043 apostolo
625 1999 735 2033 Paulo
769 1999 920 2032 dicente:
961 1996 1123 2041 ‚,vivus⁵)
1157 1996 1250 2030 enim
1285 2004 1334 2030 est

288 2136 320 2179 ¹)
347 2135 417 2168 Cfr.
443 2137 544 2169 Num.
569 2137 664 2177 XXI,
686 2139 740 2173 23.
835 2139 872 2181 ²)
897 2137 997 2171 Rom.
1023 2137 1116 2176 XVI,
1137 2137 1191 2171 20.

282 2192 320 2235 ³)
343 2191 422 2225 Luc.
446 2192 491 2233 X,
517 2193 568 2227 19.
666 2191 703 2237 ⁴)
731 2193 801 2227 Cfr.
828 2194 929 2226 Num.
955 2192 1052 2233 XXI,
1075 2194 1128 2227 24.

285 2247 319 2289 ⁵)
343 2246 450 2281 Hebr.
475 2247 533 2287 IV,
561 2249 613 2282 12.
