1427 2460
368 91 406 116 m
429 81 609 115 Nummos
633 77 793 112 HommA
809 77 886 112 VII.
1152 79 1198 116 67

61 173 176 207 omnia
199 173 263 206 tela
287 170 424 214 maligni
446 170 548 213 ignita
573 168 811 210 exstinguere.“
864 168 932 202 Sed
961 177 1015 208 „et
1045 169 1193 211 gladium

60 235 214 279 spiritus,
237 233 363 278 inquit,
387 231 570 272 adsumite,
595 231 688 276 quod
714 240 762 263 est
783 231 925 263 verbum
950 229 1049 264 Dei.“
1103 230 1192 264 Cum

59 310 140 339 ergo
164 295 286 329 talibus
309 303 341 327 te
366 292 544 326 armaveris
567 292 648 332 telis,
673 305 814 337 sequens
831 293 948 325 Jesum
963 293 1096 332 ducem,
1120 306 1193 326 non

60 357 200 390 verearis
224 356 367 399 gigantes
390 355 485 388 illos:
523 355 650 388 videbis
685 354 793 394 enim,
821 355 999 399 quomodo
1033 367 1091 388 eos
1130 355 1191 388 tihi

57 417 212 462 subjiciet
236 416 408 450 Dominus
429 416 545 450 Jesus:
582 426 612 449 et
636 416 721 449 sicut
744 425 855 460 patres
879 416 1093 449 calcaverunt
1117 429 1191 449 cer-

57 480 143 513 vices
167 479 326 520 gentium,
350 478 395 511 ita
420 487 451 511 et
467 488 504 512 tu
521 477 663 510 calcabis
686 491 788 522 super
805 477 947 510 cervices
972 478 1191 519 dlaemonum.

56 540 132 585 Ipse
156 540 246 573 enim
272 541 353 574 dicit
376 540 425 582 iis,
451 540 508 584 qui
535 553 611 572 eum
638 540 781 572 fideliter
802 547 1006 583 sequuntur:
1031 539 1191 584 „ecce,¹)

57 601 136 635 dedi
159 600 254 634 vobis
277 610 476 645 potestatem
510 601 662 634 calcandi
693 614 795 646 super
818 609 1009 644 serpentes,
1042 608 1074 632 et
1097 614 1191 633 scor-

54 663 192 707 piones,
229 671 260 695 et
290 675 392 706 super
423 675 560 695 omnem
593 661 750 695 virtutem
782 661 942 694 inimici.“
994 663 1077 695 Vult
1101 661 1191 695 enim

54 737 188 768 semper
211 724 306 758 Jesus
331 736 382 756 res
405 723 577 756 mirabiies
600 724 719 764 facere,
743 724 814 756 vult
838 724 880 756 de
904 723 1039 756 locustis
1059 723 1192 756 vincere

55 784 211 826 gigantes,
235 794 266 817 et
289 785 331 817 de
355 784 403 824 iis,
430 797 517 829 quae
541 784 577 817 in
601 784 695 818 terris
720 794 814 824 sunt,
848 785 1008 817 coelestes
1031 798 1191 829 superare

53 846 232 891 nequitias.
278 846 324 878 Et
346 846 488 879 fortasse
512 846 580 878 hoc
604 855 667 888 est,
704 846 798 891 quod
824 847 957 880 dicebat
979 846 1015 878 in
1039 846 1192 889 Evange-

53 908 116 948 liis,
141 907 218 952 quia
243 907 301 952 qui
325 905 432 940 credit
454 906 490 939 in
516 919 611 947 eum,
635 921 706 940 non
731 908 844 940 solum
868 908 967 941 saciet
989 907 1067 948 illa,
1105 921 1191 953 quae

55 969 125 1015 ipse
148 969 243 1008 fecit,
272 969 331 1002 sed
362 967 575 1014 „majora,²)
607 969 727 1014 inquit,
759 970 883 1002 horum
916 969 1048 1003 faciet.“
1102 970 1191 1003 Vere

54 1031 144 1064 enim
167 1030 276 1076 majus
300 1030 382 1064 mihi
405 1030 556 1072 videtur,
605 1031 698 1075 quod
730 1031 837 1063 homo
869 1029 904 1063 in
929 1044 1029 1064 carne
1053 1031 1193 1076 positus,

55 1092 190 1134 fragilis,
215 1102 246 1125 et
269 1093 426 1133 caducus,
450 1092 518 1125 fide
543 1101 674 1125 tantum
701 1091 824 1124 Christi
857 1101 888 1125 et
911 1093 1016 1125 verbo
1043 1092 1112 1139 ejus
1137 1106 1190 1126 ar-

55 1162 182 1192 matus,
216 1163 351 1197 superet
374 1153 538 1195 gigantes,
574 1154 783 1185 daemonum
809 1153 965 1194 legiones.
1030 1154 1192 1197 Quamvis

54 1215 126 1259 ipse
149 1214 207 1254 sit,
234 1214 292 1258 qui
316 1214 417 1247 vincit
440 1214 474 1246 in
497 1212 619 1253 nobis,
652 1213 727 1258 plus
751 1222 865 1247 tamen
890 1227 958 1247 esse
982 1214 1073 1256 dicit,
1097 1216 1191 1260 quod

54 1290 117 1321 per
138 1289 201 1309 nos
225 1275 336 1315 vincit,
361 1288 463 1319 quam
489 1275 583 1318 quod
607 1287 669 1318 per
690 1287 725 1307 se
749 1274 862 1309 vincit.
899 1273 1049 1310 Tantum
1074 1286 1132 1317 est,
1156 1287 1194 1310 ut

54 1351 118 1371 nos
143 1336 243 1370 armis
266 1336 334 1370 istis
364 1349 498 1380 semper
527 1335 630 1369 simus
654 1336 791 1376 armati,
830 1345 862 1369 et
891 1338 1102 1371 conversatio
1126 1352 1191 1371 no-

53 1409 120 1433 stra
143 1411 276 1443 semper
298 1397 335 1430 in
360 1397 463 1431 coelis
496 1398 546 1431 sit.
607 1397 729 1431 Omnis
763 1406 877 1430 motus
905 1409 1038 1439 noster,
1080 1400 1190 1433 omnis

55 1470 156 1501 actus,
181 1460 291 1493 omnis
315 1459 482 1502 cogitatio,
510 1458 620 1491 omnis
642 1472 755 1491 sermo
782 1460 933 1493 coelestis
955 1460 1005 1494 sit.
1050 1460 1190 1504 Quanto

55 1522 144 1556 enim
168 1535 231 1554 nos
254 1520 336 1554 illuc
360 1519 530 1554 ardentius
555 1520 807 1560 adscendimus,
831 1530 925 1554 tanto
951 1521 1000 1555 illi
1024 1524 1192 1568 praecipi-

53 1584 176 1618 tantius
200 1592 318 1616 ruent:
351 1592 382 1616 et
407 1591 534 1627 quanto
557 1595 621 1615 nos
647 1582 750 1624 magis
774 1595 947 1625 augemur,
971 1593 1066 1617 tanto
1081 1584 1118 1629 ³)
1144 1584 1192 1617 illi

54 1645 230 1678 inferiores
261 1645 352 1677 fient.
407 1644 486 1676 Vita
516 1652 632 1677 nostra
661 1644 689 1677 si
720 1653 833 1677 sancta
856 1644 913 1684 sit,
953 1644 980 1677 si
1003 1647 1191 1680 secundum

56 1707 172 1738 Deum
197 1705 247 1745 sit,
270 1704 334 1738 illis
359 1706 512 1738 conferet
543 1715 701 1738 mortem.
759 1705 796 1738 Si
827 1706 935 1748 segnis
967 1716 999 1739 et
1022 1706 1193 1740 luxuriose

57 1767 107 1808 sit,
130 1775 283 1812 potentes
308 1779 365 1798 eos
390 1768 567 1800 adversum
591 1780 654 1800 nos
680 1776 710 1800 et
734 1766 878 1810 gigantes
902 1767 1011 1801 faciet.
1050 1767 1191 1811 Quanto

56 1843 136 1872 ergo
160 1842 223 1861 nos
246 1826 423 1861 virtutibus
447 1827 637 1868 crescimus,
660 1837 753 1861 tanto
771 1828 820 1861 illi
839 1828 1017 1862 inferiores
1041 1828 1194 1863 efficiun-

55 1900 122 1930 tur,
147 1899 180 1923 et
201 1887 446 1933 fragiliores.⁴)
489 1888 586 1922 Sicut
610 1902 627 1921 e
644 1889 815 1922 contrario
839 1889 866 1922 si
885 1903 949 1923 nos
970 1889 1194 1930 infirmemur,

57 1961 90 1985 et
114 1960 255 1984 terrena—
270 1949 492 1995 requiramus,
514 1949 563 1982 illi
586 1950 745 1983 fortiores
768 1950 864 1983 fiunt.
910 1949 954 1982 Et
977 1959 1105 1994 quanto
1129 1964 1193 1984 nos

152 2069 188 2111 ¹)
211 2068 294 2100 Luc.
317 2067 361 2107 X,
384 2067 437 2101 19.
531 2065 568 2111 ²)
593 2066 652 2099 Ev.
675 2069 799 2100 Joann.
823 2066 917 2105 XIV,
941 2067 993 2100 12.

151 2123 188 2168 ³)
215 2123 301 2156 Cod.
326 2123 432 2156 sancti
455 2121 685 2156 Theoderici:
708 2131 824 2162 „tanto
847 2121 898 2154 illi
916 2121 1121 2157 infirmiores
1146 2125 1194 2157 ef-

59 2169 220 2203 ficiuntur
244 2178 275 2201 et
298 2168 516 2210 fragiliores.“
539 2168 581 2201 R.
606 2188 648 2193 -—
675 2166 744 2200 Cfr.
760 2179 834 2211 pag.
859 2166 929 2213 huj.
953 2177 1025 2200 not.
1047 2168 1080 2201 4.

153 2225 189 2267 4)
213 2224 303 2258 Edd.
325 2225 376 2257 M.
402 2233 434 2256 et
456 2224 498 2257 R.
521 2223 708 2265 „fragilesfl
732 2242 773 2249 —-
797 2222 874 2255 Huc
897 2223 1032 2264 forsan,
1057 2237 1128 2258 non
1153 2223 1193 2257 il-

62 2271 128 2308 luc,
153 2272 212 2306 cfr,
236 2282 309 2314 pag.
335 2268 404 2315 huj.
429 2278 498 2302 not.
522 2271 566 2309 3.,
590 2269 697 2302 Ruaei
721 2268 781 2302 ista
804 2277 886 2301 nota
909 2277 1046 2312 spectat.

940 2329 996 2363 5*
