1427 2460
331 72 367 96 sn
386 62 567 96 Nummos
585 59 747 101 Humum
778 60 908 95 xxm.
1129 63 1199 99 279

154 155 187 189 3.
234 153 324 197 Quia
356 165 435 195 ergo
466 153 631 185 festorum
663 151 750 194 leges
781 151 946 184 habemus
968 150 1004 183 in
1027 151 1196 192 manibus.

13 211 14 217 ¹
65 225 98 248 et
121 213 201 248 inde
223 227 316 248 nunc
339 226 451 252 serm»
482 221 548 252 est,
578 214 790 257 requiramus
822 212 1031 255 diligentius,
1063 214 1120 258 qui
1152 215 1193 247 sit

43 277 155 312 ‚ordo
185 275 416 313 festivitatum,
448 284 485 308 ut
515 287 553 307 ex
582 274 659 319 ipsis
689 274 865 308 ordinibus
898 284 929 307 et
951 273 1195 309 sam-isiciorum

63 338 130 372 ritu
155 338 313 379 colligere
336 335 511 380 possimus,
538 336 681 381 qualiter
704 336 935 381 unusquisque
960 348 998 368 ex
1022 337 1088 370 suis
1111 338 1192 371 acti-

61 400 124 432 bus
155 408 188 432 et
221 396 534 432 conversationibus
571 397 693 430 sanctis
720 398 798 431 Deo
842 396 1051 431 festivitatem
1089 399 1196 443 possit

59 473 190 506 parare,
234 458 349 492 Prima
373 471 452 501 ergo
477 468 525 492 est
546 459 700 493 festivitas
714 459 791 499 Dei,
815 472 901 504 quae
924 460 1116 504 appellatur
1138 459 1192 493 in-

37 531 39 534 ·
60 520 230 555 desinens:
256 521 300 554 de
323 521 361 555 iis
385 520 475 554 enim
493 522 683 560 mandatur,
708 533 795 565 quae
810 520 1049 561 indesinenter,
1073 530 1105 554 et
1120 521 1193 555 sine

59 583 126 616 ulla
150 596 290 627 prorsus
312 582 562 627 interruptione
591 581 763 615 matutinis
793 591 824 615 et
847 582 1042 626 vespertinis
1065 582 1192 617 sacrifi-

37 639 116 677 ciis
152 645 350 677 offerantur.
409 644 579 678 Mandans
609 642 708 686 igitur
737 642 950 677 festivitatum
981 643 1080 684 ritus,
1118 657 1191 678 non

56 704 170 749 primo
216 704 325 738 statim
368 704 458 738 venit
487 706 531 738 ad
561 704 771 738 festivitatem
803 704 970 746 Paschae,
1003 717 1116 750 neque
1146 705 1190 738 ad

57 779 272 812 azymorum,
301 779 412 810 neque
436 767 479 798 ad
501 765 780 811 scenopegiae,')
804 765 969 810 aliasque,
1000 767 1043 800 de
1066 768 1190 812 quibus

54 826 271 871 praecipitur,
293 828 351 861 sed
376 828 463 860 hanc
485 827 631 871 primam
656 827 789 871 posuit,
818 827 854 860 in
887 839 953 871 qua
984 828 1185 862 sacrificium

57 888 250 922 indesinens
278 889 418 921 mandat
449 888 584 921 offerri:
621 902 690 933 quo
725 888 854 922 scilicet
884 889 1091 934 agnoscat2)
1120 890 1189 930 inc,

55 948 112 994 qui
144 950 214 982 vult
243 962 312 984 esse
344 952 512 994 perfectus
545 959 576 983 et
607 959 758 991 sanctus,
795 949 873 995 quia
904 963 976 983 non
1002 951 1188 995 aliquando

54 1010 192 1054 quidem
217 1011 346 1053 agenda
371 1020 418 1044 est
440 1011 536 1050 Deo,
568 1011 636 1055 aliq
651 1012 754 1044 .ando
784 1024 863 1044 vero
887 1024 959 1044 non
984 1013 1113 1054 agenda
1137 1014 1187 1046 fe—

0 1069 1 1095 }
53 1071 186 1112 nivium,
209 1073 267 1106 sed
294 1086 427 1117 semper
451 1082 484 1105 et
498 1072 729 1106 indesinenter
745 1072 852 1117 justus
867 1085 964 1114 agere
979 1074 1080 1106 debet
1096 1073 1186 1106 diem

54 1134 185 1165 festum.
233 1132 445 1167 Sacrificium
474 1147 641 1179 namque,
678 1134 773 1178 quod
807 1133 1054 1175 indesinenter,
1089 1144 1121 1168 et
1150 1136 1186 1169 iu

54 1194 225 1228 matutinis
248 1203 280 1227 et
302 1193 339 1227 in
361 1194 555 1239 vespertinis
573 1196 755 1228 mandatur
770 1194 899 1235 offerri,
922 1195 987 1228 hoc
1007 1196 1186 1237 indicatur,

12 1293 16 1297 ,
54 1255 147 1289 utin
171 1257 244 1298 lege
266 1269 304 1289 ac
329 1255 521 1301 prophetis,
554 1269 640 1301 quae
671 1257 874 1290 matutinum
906 1266 1040 1302 tempus
1073 1267 1185 1292 osten-

53 1318 148 1358 dunt,
174 1326 205 1350 et
229 1316 264 1349 in
290 1317 476 1359 evangelica
496 1317 662 1358 doctrina,
677 1318 712 1351 id
724 1317 760 1361 3)
779 1327 826 1351 est
841 1320 929 1351 enim
947 1319 1186 1363 vespertinum.

54 1393 140 1425 quae
162 1391 300 1423 vespera
324 1378 445 1411 mundi
470 1378 651 1412 Salvatoris
680 1380 826 1413 ostendit
856 1380 1054 1420 adventum,
1086 1381 1184 1414 inde-

49 1440 171 1475 sinenti
192 1439 383 1473 intentione
407 1439 568 1484 persistat.
615 1439 684 1472 Has
708 1452 787 1481 ergo
807 1440 998 1474 festivitates
1013 1442 1184 1477 Dominus

48 1502 148 1537 dicit:
183 1501 293 1546 „et⁴)
323 1500 544 1534 observabitis
574 1501 645 1534 dies
675 1501 776 1535 festos
810 1507 944 1536 meos‚“
988 1503 1072 1537 Dies
1102 1517 1183 1548 ergo

49 1566 152 1598 festus
176 1573 225 1598 est
246 1561 409 1604 Domini,
439 1563 464 1595 si
495 1572 526 1595 et
548 1561 751 1596 sacrifieium
774 1562 967 1598 indesinens
990 1567 1185 1608 offeramus,

49 1626 77 1660 si
107 1625 178 1659 sine
208 1623 456 1658 intermissione
488 1637 640 1664 oremus,
669 1624 715 1658 ita
748 1633 785 1657 ut
815 1625 998 1660 adscendat
1022 1627 1129 1661 oratio
1146 1628 1182 1672 ⁵)

51 1697 167 1721 nostra
190 1687 277 1720 sicut
298 1685 475 1718 incensum
497 1686 532 1719 in
557 1695 741 1731 conspectu
761 1684 832 1729 ejus
853 1700 964 1728 mane,
989 1697 1022 1721 et
1041 1688 1180 1723 elevatio

51 1761 216 1782 manuum
246 1756 439 1781 nostrarum
463 1746 520 1780 fiat
554 1746 584 1779 ei
612 1747 814 1780 sacrificium
837 1748 1075 1793 vespertinum.
1120 1750 1181 1783 Est

52 1810 152 1852 igitur
175 1808 285 1854 prima
306 1807 502 1842 solemnitas
525 1808 678 1842 sacrificii
700 1807 929 1851 indesinentis,
956 1822 1042 1855 quae
1065 1824 1084 1844 a
1108 1812 1180 1845 cul—

146 2007 181 2050 ¹)
204 2006 293 2041 Edd.
317 2007 472 2040 Mer-lini:
496 2008 749 2053 scenophegiae.

144 2062 182 2106 ²)
204 2062 292 2096 Edd.
316 2063 473 2096 Merlini:
502 2073 660 2106 agnoscat
682 2064 831 2110 quisquis
855 2064 913 2098 ille
933 2065 1003 2098 vult
1018 2078 1087 2100 esse
1115 2074 1175 2099 etc.

143 2117 180 2161 ³)
206 2118 293 2152 Edd.
317 2119 472 2152 Merlini:
499 2118 536 2153 id
560 2130 608 2154 est
629 2119 664 2154 in
688 2119 914 2167 vespertinum
939 2130 1000 2155 etc.

142 2172 179 2218 ⁴)
205 2174 276 2208 Csr.
299 2175 400 2210 Num.
424 2174 586 2216 XXVIII,
609 2178 640 2209 2.

142 2229 179 2274 ⁵)
204 2229 274 2264 Cfr.
297 2229 422 2266 Psalm.
447 2230 567 2271 CXLI,
590 2232 621 2265 2.
