1427 2460
165 44 171 45 ἶ
186 68 252 102 156
666 67 843 102 Omemus

184 158 325 193 Balaam
350 158 623 196 benedictiones,
647 171 685 190 ac
710 157 923 203 prophetias,
948 170 1034 202 quae
1058 158 1190 202 possint
1205 159 1239 204 ⁸)
1264 173 1319 193 ae-

184 220 323 254 dificare
345 234 418 253 non
441 219 552 253 solum
578 218 696 258 Israel,
731 220 789 252 sed
827 228 858 252 et
888 218 1032 263 reliquas
1056 229 1177 260 gentes.
1232 220 1317 266 Si²)

184 282 273 316 enim
298 295 317 314 a
340 282 441 314 Mose
464 279 664 325 prophetiae
690 278 760 324 ejus
785 280 886 314 sacris
902 280 1046 314 insertae
1068 291 1146 314 sunt
1168 282 1316 315 volumi-

183 343 293 383 nibus,
317 352 446 387 quanto
470 341 574 383 magis
589 341 776 385 descriptae
797 351 875 375 sunt
899 343 941 374 ab
965 342 1014 383 iis,
1040 343 1097 388 qui
1120 343 1318 377 habitabant

181 414 264 438 tunc
297 403 606 449 Mesopotamiam,
646 405 737 448 apud
773 416 859 448 quos
895 404 1093 445 magnificus
1128 405 1318 439 habebatur

181 465 342 506 Balaam,
366 478 520 511 quosque
545 464 621 498 artis
648 464 716 509 ejus
742 473 873 498 constat
894 465 995 499 fuisse
1019 466 1229 512 discipulos?
1265 468 1314 500 Ex

181 528 243 562 illo
266 528 413 572 denique
436 528 545 560 fertur
567 540 745 569 magorum
772 540 885 569 genus,
910 537 942 560 et
964 528 1128 562 institutio
1152 529 1187 562 in
1211 529 1316 574 parti—

179 591 244 623 bus
269 589 408 623 orientis
428 588 553 631 vigere:
579 588 637 633 qui
662 587 828 633 descripta
853 588 1014 622 habentes
1030 592 1122 635 apud
1142 604 1176 624 se
1190 590 1317 630 omnia,

182 664 268 696 quae
292 651 555 696 prophetaverat
590 649 749 689 Balaam,
786 649 885 683 etiam
916 652 983 684 hoc
1014 652 1208 686 habuerunt
1231 651 1314 685 scri-

178 723 286 757 ptum,
310 713 404 757 quod
430 711 627 755 „orietur³)
651 713 743 745 stella
775 725 813 745 ex
831 712 952 754 Jacob,
978 722 1010 746 et
1034 723 1184 753 exsurget
1206 714 1314 746 homo

181 788 218 808 ex
238 775 373 808 lsrael.“
418 774 510 806 Haec
535 773 657 818 scripta
672 775 846 807 habebant
869 775 958 815 magi
982 776 1074 820 apud
1087 785 1194 808 semet
1215 776 1316 820 ipsos,

178 846 209 870 et
232 836 310 869 ideo
343 837 482 880 quando
514 845 613 868 natus
641 845 687 868 est
710 835 827 877 Jesus,
860 846 1069 878 agnoverunt
1099 837 1249 876 stellam,
1281 845 1314 869 et

174 897 412 931 intellexerunt
436 897 617 942 adimpleri
641 897 876 942 prophetiam,
902 898 1005 940 magis
1028 898 1091 942 ipsi
1117 911 1218 942 quam
1246 911 1311 942 po-

174 960 276 1005 pulus
301 959 422 999 Israel,
456 958 514 1003 qui
545 968 741 992 sanctorum
778 961 1023 1004 prophetarum
1059 960 1175 993 audire
1209 960 1311 992 verba

176 1020 362 1054 contemsit.
410 1020 464 1053 Illi
489 1033 568 1063 ergo
595 1034 632 1053 ex
657 1021 696 1055 iis
719 1030 867 1061 tantum,
903 1035 990 1066 quae
1022 1022 1160 1057 Balaam
1185 1020 1309 1066 scripta

175 1082 366 1127 reliquerat,
391 1091 618 1124 agnoscentes,
643 1083 758 1115 adesse
773 1092 915 1127 tempus,
940 1092 1114 1122 venerunt,
1141 1091 1173 1115 et
1196 1081 1310 1126 requi-

175 1153 285 1177 rentes
309 1156 384 1176 eum
417 1143 527 1176 statim
559 1144 805 1183 adoraverunt,
845 1153 876 1176 et
908 1153 945 1177 ut
976 1145 1078 1177 fidem
1107 1156 1203 1177 suam
1235 1145 1309 1175 ma-

174 1219 275 1249 guam
300 1218 369 1239 esse
394 1205 622 1244 declararent,
655 1218 795 1250 parvum
820 1218 966 1250 puerum
1000 1204 1093 1251 quasi
1117 1217 1228 1248 regem
1255 1218 1309 1238 ve-

170 1267 279 1301 nerati
301 1276 388 1301 sunt.

261 1330 292 1364 S.
317 1329 385 1362 Sed
409 1329 587 1361 redeamus
619 1330 663 1361 ad
685 1328 911 1374 propositum.
963 1329 1130 1361 Molestus
1163 1337 1209 1361 est
1241 1327 1309 1359 Ba-

171 1393 260 1425 laam
276 1390 365 1430 Deo,
391 1399 423 1423 et
447 1399 622 1434 extorquet
645 1391 899 1435 propemodum
924 1389 1073 1435 permitti
1096 1388 1170 1428 sibi,
1194 1398 1231 1421 ut
1256 1397 1309 1421 eat

169 1453 373 1486 maledicere
396 1451 471 1485 filiis
494 1451 605 1490 Israel,
630 1460 661 1484 et
685 1460 722 1484 ut
745 1451 881 1485 invocet
905 1453 1107 1490 daemones,
1136 1452 1178 1484 ad
1205 1463 1306 1495 quem

170 1514 238 1560 jam
262 1522 397 1546 venerat
420 1513 523 1546 Deus.
572 1513 757 1546 Adscendit
780 1513 919 1553 asinam,
943 1512 1091 1545 occurrit
1108 1511 1137 1544 ei
1159 1511 1307 1554 angelus,

172 1576 229 1621 qui
255 1575 441 1608 excubabat
464 1588 528 1619 pro
554 1575 672 1614 Israel,
709 1577 751 1607 de
783 1588 852 1619 quo
887 1574 1048 1619 scriptum
1075 1582 1139 1614 est,
1173 1574 1307 1606 dicente

169 1637 325 1670 Domino
352 1638 394 1669 ad
418 1636 561 1669 NIosen:
595 1636 799 1680 „angelus⁴)
831 1649 925 1669 meus
952 1635 1014 1669 ibit
1038 1639 1183 1668 tecum.“
1240 1634 1304 1666 Pe-

167 1699 252 1732 tenti
276 1711 355 1740 ergo
380 1699 439 1738 ire,
462 1698 678 1731 conceditur:
703 1699 737 1730 in
762 1700 813 1731 via
838 1698 1026 1731 conteritur
1043 1698 1086 1730 ab
1112 1696 1221 1732 asina:
1245 1697 1305 1729 sed

168 1773 286 1803 magus
311 1761 494 1794 daemones
519 1759 626 1799 videt,
659 1761 816 1802 angelum
841 1773 910 1792 non
937 1760 1043 1801 videt;
1074 1759 1165 1792 asina
1190 1768 1303 1791 tamen

261 1878 295 1922 ¹)
319 1877 385 1911 Ed.
410 1875 518 1910 Ruaei
543 1879 632 1911 sola:
655 1887 806 1922 possunt.

259 1933 296 1975 ⁶)
320 1932 399 1966 Huc
427 1943 556 1977 spectat
586 1936 811 1988 snagmentum
846 1947 1020 1977 graecum,
1060 1933 1252 1966 desumtum
1284 1945 1303 1965 e

168 1978 304 2011 Catenis
322 1979 403 2011 Mss.
435 1982 562 2021 „canat
577 1977 641 2014 τόν
662 1979 854 2013 Βαλαὰα”
837 1993 934 2025 εχειν
955 1991 1128 2031 ᾳοιτητας
1144 1979 1184 2020 τῆ
1196 1981 1302 2033 τέχνῃ

164 2022 481 2078 μαθητεύσαντας
489 2024 584 2058 αὐτῶ
611 2028 649 2073 τῇ
673 2028 834 2079 μαγικῆ,
861 2028 922 2059 καὶ
945 2023 1060 2064 δόξαν
1083 2024 1168 2066 περὶ
1191 2022 1302 2057 αὐτοῦ

165 2071 316 2113 ἔχοντας
339 2059 645 2123 ἀναγράψασθαι
656 2069 717 2109 τὰς
740 2075 968 2126 προφητείας
988 2069 1121 2111 αὐτοῦ,
1147 2071 1210 2102 καὶ
1233 2080 1302 2102 κα-

166 2115 351 2156 πιλιπεΐν,
378 2114 418 2148 ἐν
442 2118 498 2153 αἱς
523 2117 583 2149 καὶ
606 2113 659 2150 τό·
687 2143 709 2158 ,
723 2116 916 2159 „emaum
945 2113 1091 2160 ἄστρον·
1083 2113 1160 2134 ·““
1195 2110 1214 2147 ὃ
1239 2115 1301 2147 καὶ

167 2159 208 2194 ἐκ
227 2160 407 2213 πατρικῆς
429 2159 666 2212 παραδόσεως
697 2163 758 2194 καὶ
790 2162 943 2206 διδαχῆς
958 2155 1243 2224 παραλαβόντες
1267 2159 1302 2193 οἱ

167 2202 263 2253 Mciy
267 2217 296 2238 01
324 2205 385 2238 ἐπὶ
409 2202 474 2247 τὴν
497 2209 563 2247 Βη
561 2206 664 2251 Ἰλεὲμ
694 2208 981 2251 naoeye‘uovmf·

261 2259 302 2313 ³).
327 2259 396 2293 cfr.
423 2259 544 2294 Manh.
569 2261 610 2301 11,
634 2262 666 2296 2
763 2262 798 2306 ⁴)
823 2262 931 2296 Exod.
944 2231 1105 2301 xxim,
1131 2259 1186 2295 34.

1405 1921 1410 1929 .
1394 1861 1408 1895 ·'1⁴
1386 1817 1406 1850 κ’*
1394 1789 1408 1807 -‘
1385 1470 1413 1782 WJRsttflt-e-
1401 1454 1406 1462 ⁴
1394 1368 1408 1440 ...ὦιε
1396 1287 1407 1359 ὼ·
1403 1264 1405 1268 .
1395 1244 1397 1246 ⁴
