1427 2460
354 118 393 144 m
415 109 594 143 Nummos
618 108 777 143 HommA
799 108 855 143 VI.
1132 112 1177 145 49

44 200 179 246 spiritus
204 198 334 233 consilii
362 208 393 232 et
416 198 554 241 virtutis,
578 198 713 243 spiritus
735 198 892 232 scientiae
917 206 949 231 et
972 198 1119 243 pietatis,
1143 208 1175 232 et

46 261 190 305 replebit
213 274 290 294 eum
315 260 448 305 spiritus
480 260 612 293 timoris
637 260 812 293 Domini.“
870 261 939 294 Sed
962 262 1099 293 fortasse
1123 261 1176 293 di-

46 322 90 355 eit
113 322 248 367 aliquis:
279 321 365 354 nihil
396 321 541 366 amplius
576 320 750 354 ostendisti
772 321 937 366 scriptum
960 322 1003 354 de
1028 321 1174 361 Christo,

46 397 147 428 quam
173 384 214 415 de
237 382 373 428 reliquis
397 382 603 416 hominibus.
659 382 754 415 Sicut
784 383 875 416 enirn
909 384 951 416 de
976 383 1092 416 ceteris
1124 383 1176 416 di-

46 454 136 477 ctum
161 453 217 483 est,
242 444 321 488 quia
346 443 509 488 requievit
531 457 633 488 super
659 456 725 483 eos,
745 443 789 476 ita
816 453 847 476 et
870 444 912 477 de
927 444 1100 477 Salvatore
1125 444 1177 477 di-

46 514 137 538 ctum
169 515 233 538 est:
265 504 513 550 ,‚requiescit¹)
545 517 648 548 super
678 517 755 537 eum
786 504 920 549 spiritus
952 504 1052 537 Dci.“
1106 505 1176 538 Sed

45 566 137 606 vide,
171 566 248 611 quia
279 580 381 611 supra
415 566 550 598 nullum
582 566 686 598 alium
718 565 853 610 spiritus
877 565 944 598 Dei
975 564 1177 610 requievisse

45 627 255 672 septemplici
280 628 342 660 hac
365 628 486 661 virtute
519 627 736 666 describitur,
771 640 832 671 per
857 627 951 671 quod
974 626 1045 660 sine
1070 626 1176 659 dubio

45 689 118 734 ipsa
141 690 198 722 illa
223 689 325 723 divini
349 688 483 733 spiritus
508 687 701 727 substantia,
727 701 824 732 quae,
848 688 925 732 quia
946 702 1015 721 uno
1036 688 1178 721 nomine

45 765 117 784 non
141 760 285 795 poterat,
313 749 446 783 diversis
463 749 637 782 vocabulis
661 750 868 793 explanatur,
892 750 1101 794 requiescere
1123 764 1179 784 su-

46 825 110 856 per
133 812 268 853 virgam,
295 824 380 855 quae
405 812 447 844 de
471 810 573 854 stirpe
596 813 686 844 Jesse
709 811 918 855 procederet,
942 812 1177 856 prophetatur.

47 872 170 906 Habeo
196 883 228 906 et
251 873 343 906 aliud
360 871 608 911 ffestimonium,
633 885 701 915 quo
728 873 853 905 docere
877 871 1026 916 possum{
1048 873 1084 905 in
1103 873 1178 906 Do-

47 933 142 968 mino
168 944 198 968 et
222 935 397 967 Salvatore
420 946 496 966 meo
523 931 686 977 Spiritum
711 941 863 965 sanctum
889 932 1009 966 eximio
1027 935 1179 978 quodam

49 1007 180 1037 genere,
203 1005 234 1029 et
258 996 358 1038 longe
383 995 479 1028 aliter
496 993 705 1039 requievisse,
729 1007 830 1038 quam
845 994 1035 1027 refertur-in
1053 996 1181 1032 ceteris.

49 1055 143 1089 Dicit
167 1057 255 1089 enim
279 1048 429 1090 Joannes
457 1057 600 1100 baptista
628 1057 670 1088 de
694 1068 752 1088 eo:
777 1055 905 1100 ‚‚qui²)
929 1056 1018 1089 misit
1041 1070 1097 1089 me
1119 1058 1181 1089 ba-

49 1117 176 1162 ptizare
198 1118 234 1151 in
259 1131 356 1162 aqua,
378 1118 436 1150 ille
457 1116 540 1150 mihi
565 1116 662 1149 dixit:
686 1129 789 1161 super
813 1130 914 1160 quem
938 1118 1058 1151 videris
1081 1117 1180 1163 spiri-

54 1187 128 1211 tum
154 1179 424 1218 descendentem,
448 1187 481 1211 et
503 1186 698 1210 manentem
722 1178 756 1210 in
783 1191 833 1217 eo,
858 1179 929 1222 ipse
953 1183 1031 1211 est.“
1067 1179 1104 1212 Si
1129 1180 1180 1213 di-

51 1239 169 1275 xisset:
197 1239 371 1285 „spiritum
397 1239 655 1272 descendentem
669 1242 698 1270 :“
716 1248 747 1271 et
770 1252 841 1271 non
866 1240 1063 1274 addidisset:
1087 1255 1183 1281 „mgb

51 1310 190 1334 nentem
212 1300 248 1333 in
273 1314 313 1333 eo
326 1306 354 1333 :⁸⁸
385 1300 471 1333 nihil
494 1299 716 1344 praecipuum
740 1312 823 1343 prae
847 1300 961 1333 ceteris
985 1302 1111 1334 habere
1134 1302 1183 1335 vi-

52 1363 196 1396 deretur.
243 1362 342 1394 Nunc
368 1370 478 1394 autem
504 1360 652 1393 addidit:
677 1369 730 1401 „et
754 1370 948 1394 manentem
972 1362 1007 1395 in
1033 1375 1073 1396 eo
1086 1367 1116 1396 :“
1144 1372 1182 1396 ut

52 1415 135 1457 esset
157 1423 226 1456 hoc
249 1422 381 1464 signum
404 1422 441 1455 in
465 1422 657 1462 salvatore,
690 1423 784 1467 quod
814 1421 852 1455 in
882 1424 978 1456 nullo
1011 1424 1077 1457 alio
1102 1437 1182 1469 pos-

51 1485 149 1529 set³)
174 1483 314 1517 ostendi.
363 1484 418 1516 De
440 1483 536 1516 nullo
564 1483 655 1515 enim
677 1484 842 1528 scriptum
868 1494 923 1523 est,
949 1485 1027 1529 quia
1050 1498 1183 1518 manse-

52 1546 97 1579 rit
119 1545 154 1578 in
179 1558 219 1578 eo
244 1543 391 1589 Spiritus
414 1554 556 1578 sanctus.
610 1545 655 1577 Et
684 1558 728 1577 ne
760 1544 831 1589 quis
857 1558 913 1578 me
936 1555 1032 1590 putet
1054 1545 1090 1579 in
1114 1547 1182 1579 hoe

54 1608 217 1649 derogare
240 1606 426 1650 prophetis,
450 1605 559 1639 sciunt
581 1605 655 1651 ipsi,
674 1606 751 1651 quia
774 1620 847 1639 non
860 1606 898 1640 iis
919 1609 1059 1649 derogo,
1086 1621 1185 1652 prae-

54 1669 163 1701 ferens
193 1667 233 1700 iis
267 1666 458 1699 Dominum
488 1680 603 1700 meum
633 1668 750 1700 Jesum
777 1668 959 1701 Christum.
1014 1669 1187 1701 Recolunt

56 1728 146 1761 enim
170 1727 292 1770 singuli
316 1728 404 1760 dicta
427 1741 501 1768 sua,
536 1738 567 1760 et
590 1728 783 1769 inveniunt,
813 1730 907 1773 quod
932 1731 974 1763 de
996 1730 1093 1763 nullo
1118 1730 1185 1763 alio

55 1789 185 1822 dictum
210 1797 266 1828 est,
290 1789 368 1832 quia
391 1798 588 1834 „peccatum
604 1789 639 1834 ⁴²)
664 1803 734 1823 non
758 1790 852 1830 fecit,
876 1803 939 1823 nec
964 1792 1115 1825 inventus
1140 1802 1187 1826 est

57 1849 157 1883 dolus
180 1848 216 1881 in
249 1861 308 1882 ore
338 1848 438 1894 ejus.“
487 1850 577 1894 Quia
611 1851 699 1884 enim
732 1852 824 1884 solus
857 1860 903 1884 est
934 1853 1005 1885 sine
1034 1862 1187 1897 peccato,

59 1909 117 1956 qui
140 1919 316 1955 peccatum
346 1923 418 1943 non
440 1911 535 1951 fecit,
566 1910 695 1945 idcirco
726 1912 760 1944 in
794 1911 867 1955 ipso
900 1912 974 1944 solo
1006 1913 1127 1947 mansit
1156 1923 1188 1947 et

57 1971 400 2017 permansit'spiritus
423 1981 566 2006 sanctus.
583 1971 619 2016 6)
673 1971 709 2004 Si
743 1971 832 2005 enim
856 1971 928 2017 ipse
952 1983 1016 2016 est,
1050 1975 1092 2008 de
1115 1988 1184 2020 quo

156 2117 191 2162 ¹)
214 2117 304 2151 Edd.
326 2116 481 2151 Merlini:
507 2117 700 2162 requiescet.
727 2139 767 2145 -
794 2118 863 2152 Csr.
888 2118 989 2151 Jesai.
1011 2118 1071 2158 XI,
1094 2119 1126 2154 2.

152 2172 189 2217 2)
213 2172 273 2206 Ev.
295 2173 420 2206 Joann.
444 2174 471 2213 I,
494 2172 548 2207 33.
651 2172 687 2217 ³)
711 2173 799 2207 Edd.
825 2173 979 2207 Merlini:
1002 2175 1115 2219 possit.

138 2227 191 2271 -¹²)
215 2228 230 2260 I
253 2228 343 2261 Petr.
368 2228 410 2267 ΙΙ,
428 2228 481 2261 22.
507 2229 586 2262 coll.
610 2229 707 2262 Jesai.
732 2229 817 2269 LIII,
841 2229 872 2263 9.

157 2282 193 2327 ⁵)
217 2283 438 2317 Desideratur
460 2288 634 2322 ‚‚sanctus“
657 2283 692 2316 in
717 2285 768 2318 ed.
793 2284 910 2318 Ruaei.

67 2343 242 2378 Omenms
267 2344 404 2378 OPERA.
430 2343 460 2375 T
464 2353 527 2377 om.
548 2345 589 2377 X.
902 2346 925 2379 4
