<?xml version="1.0" encoding="UTF-8"?>
<!DOCTYPE html PUBLIC "-//W3C//DTD XHTML 1.0 Transitional//EN"
    "http://www.w3.org/TR/xhtml1/DTD/xhtml1-transitional.dtd">
<html xmlns="http://www.w3.org/1999/xhtml" xml:lang="en" lang="en">
 <head>
  <title>
</title>
<meta http-equiv="Content-Type" content="text/html;charset=utf-8" />
  <meta name='ocr-system' content='tesseract 3.04.00' />
  <meta name='ocr-capabilities' content='ocr_page ocr_carea ocr_par ocr_line ocrx_word'/>
</head>
<body>
  <div class='ocr_page' id='page_1' title='image "./operaomniaquaegr10orig/operaomniaquaegr10orig_0054.png"; bbox 0 0 1427 2460; ppageno 0'>
   <div class='ocr_carea' id='block_1_1' title="bbox 197 78 854 113">
    <p class='ocr_par' dir='ltr' id='par_1_1' title="bbox 197 78 854 113">
     <span class='ocr_line' id='line_1_1' title="bbox 197 78 854 113; baseline 0.002 -1"><span class='ocrx_word' id='word_1_1' title='bbox 197 78 243 112; x_wconf 80' lang='lat'>32</span> <span class='ocrx_word' id='word_1_2' title='bbox 677 78 854 113; x_wconf 70' lang='lat' dir='ltr'>Omerms</span> 
     </span>
    </p>
   </div>
   <div class='ocr_carea' id='block_1_2' title="bbox 198 165 1331 264">
    <p class='ocr_par' dir='ltr' id='par_1_2' title="bbox 198 165 1331 264">
     <span class='ocr_line' id='line_1_2' title="bbox 198 165 1331 214; baseline 0.001 -14"><span class='ocrx_word' id='word_1_3' title='bbox 198 167 283 200; x_wconf 84' lang='lat' dir='ltr'>mini</span> <span class='ocrx_word' id='word_1_4' title='bbox 308 167 424 206; x_wconf 69' lang='lat' dir='ltr'>⁴nostri</span> <span class='ocrx_word' id='word_1_5' title='bbox 459 169 540 201; x_wconf 78' lang='lat' dir='ltr'>Jesu</span> <span class='ocrx_word' id='word_1_6' title='bbox 567 165 710 208; x_wconf 81' lang='lat' dir='ltr'>Christi,</span> <span class='ocrx_word' id='word_1_7' title='bbox 747 169 801 201; x_wconf 81' lang='lat' dir='ltr'>cui</span> <span class='ocrx_word' id='word_1_8' title='bbox 827 177 872 202; x_wconf 84' lang='lat' dir='ltr'>est</span> <span class='ocrx_word' id='word_1_9' title='bbox 896 168 1002 211; x_wconf 84' lang='lat' dir='ltr'>gloria</span> <span class='ocrx_word' id='word_1_10' title='bbox 1035 167 1118 213; x_wconf 50' lang='lat' dir='ltr'>etst)</span> <span class='ocrx_word' id='word_1_11' title='bbox 1150 166 1331 214; x_wconf 84' lang='lat' dir='ltr'>imperium</span> 
     </span>
     <span class='ocr_line' id='line_1_3' title="bbox 199 229 807 264; baseline 0.003 -2"><span class='ocrx_word' id='word_1_12' title='bbox 199 229 235 263; x_wconf 86' lang='lat' dir='ltr'>in</span> <span class='ocrx_word' id='word_1_13' title='bbox 259 230 390 263; x_wconf 77' lang='lat' dir='ltr'>saecula</span> <span class='ocrx_word' id='word_1_14' title='bbox 413 229 640 264; x_wconf 80' lang='lat' dir='ltr'>saeculorum.</span> <span class='ocrx_word' id='word_1_15' title='bbox 687 230 807 264; x_wconf 85' lang='lat' dir='ltr'>Amen.</span> 
     </span>
    </p>
   </div>
   <div class='ocr_carea' id='block_1_3' title="bbox 477 488 1052 528">
    <p class='ocr_par' dir='ltr' id='par_1_3' title="bbox 477 488 1052 528">
     <span class='ocr_line' id='line_1_4' title="bbox 477 488 1052 528; baseline 0 0"><span class='ocrx_word' id='word_1_16' title='bbox 477 488 913 528; x_wconf 90' lang='lat' dir='ltr'><strong>HOMILIA</strong></span> <span class='ocrx_word' id='word_1_17' title='bbox 984 490 1052 528; x_wconf 83' lang='lat' dir='ltr'>lv.</span> 
     </span>
    </p>
   </div>
   <div class='ocr_carea' id='block_1_4' title="bbox 200 585 1330 752">
    <p class='ocr_par' dir='ltr' id='par_1_4' title="bbox 200 585 1330 752">
     <span class='ocr_line' id='line_1_5' title="bbox 200 585 1330 632; baseline 0.001 -12"><span class='ocrx_word' id='word_1_18' title='bbox 200 588 255 621; x_wconf 86' lang='lat' dir='ltr'>De</span> <span class='ocrx_word' id='word_1_19' title='bbox 280 601 331 628; x_wconf 88' lang='lat' dir='ltr'>eo,</span> <span class='ocrx_word' id='word_1_20' title='bbox 358 587 452 632; x_wconf 87' lang='lat' dir='ltr'>quod</span> <span class='ocrx_word' id='word_1_21' title='bbox 476 587 638 632; x_wconf 86' lang='lat' dir='ltr'>scriptum</span> <span class='ocrx_word' id='word_1_22' title='bbox 664 595 730 619; x_wconf 82' lang='lat' dir='ltr'>est:</span> <span class='ocrx_word' id='word_1_23' title='bbox 755 585 892 627; x_wconf 84' lang='lat' dir='ltr'>„viginti</span> <span class='ocrx_word' id='word_1_24' title='bbox 904 587 941 631; x_wconf 82' lang='lat'>²)</span> <span class='ocrx_word' id='word_1_25' title='bbox 966 588 1035 620; x_wconf 89' lang='lat' dir='ltr'>duo</span> <span class='ocrx_word' id='word_1_26' title='bbox 1053 587 1158 620; x_wconf 78' lang='lat' dir='ltr'>millia</span> <span class='ocrx_word' id='word_1_27' title='bbox 1183 600 1330 621; x_wconf 85' lang='lat' dir='ltr'>numero</span> 
     </span>
     <span class='ocr_line' id='line_1_6' title="bbox 273 644 1268 692; baseline 0 -9"><span class='ocrx_word' id='word_1_28' title='bbox 273 650 428 683; x_wconf 78' lang='lat' dir='ltr'>inventos</span> <span class='ocrx_word' id='word_1_29' title='bbox 461 662 530 682; x_wconf 85' lang='lat' dir='ltr'>esse</span> <span class='ocrx_word' id='word_1_30' title='bbox 560 644 715 688; x_wconf 78' lang='lat' dir='ltr'>Levitas,</span> <span class='ocrx_word' id='word_1_31' title='bbox 749 648 992 692; x_wconf 82' lang='lat' dir='ltr'>primogenitos</span> <span class='ocrx_word' id='word_1_32' title='bbox 1030 658 1141 682; x_wconf 76' lang='lat' dir='ltr'>nutem</span> <span class='ocrx_word' id='word_1_33' title='bbox 1179 649 1268 683; x_wconf 78' lang='lat' dir='ltr'>filio-</span> 
     </span>
     <span class='ocr_line' id='line_1_7' title="bbox 358 710 1178 752; baseline -0.001 -8"><span class='ocrx_word' id='word_1_34' title='bbox 358 723 435 744; x_wconf 89' lang='lat' dir='ltr'>rum</span> <span class='ocrx_word' id='word_1_35' title='bbox 473 710 577 743; x_wconf 85' lang='lat' dir='ltr'>Israel</span> <span class='ocrx_word' id='word_1_36' title='bbox 611 710 728 752; x_wconf 82' lang='lat' dir='ltr'>viginti</span> <span class='ocrx_word' id='word_1_37' title='bbox 760 711 829 743; x_wconf 87' lang='lat' dir='ltr'>duo</span> <span class='ocrx_word' id='word_1_38' title='bbox 867 710 973 743; x_wconf 82' lang='lat' dir='ltr'>millia</span> <span class='ocrx_word' id='word_1_39' title='bbox 1013 711 1178 744; x_wconf 86' lang='lat' dir='ltr'>ducentos</span> 
     </span>
    </p>
   </div>
   <div class='ocr_carea' id='block_1_5' title="bbox 599 771 936 817">
    <p class='ocr_par' dir='ltr' id='par_1_5' title="bbox 599 771 936 817">
     <span class='ocr_line' id='line_1_8' title="bbox 599 771 936 817; baseline -0.003 -12"><span class='ocrx_word' id='word_1_40' title='bbox 599 771 807 817; x_wconf 80' lang='lat' dir='ltr'><strong>septuaginta</strong></span> <span class='ocrx_word' id='word_1_41' title='bbox 838 776 936 805; x_wconf 87' lang='lat' dir='ltr'>tres.“</span> 
     </span>
    </p>
   </div>
   <div class='ocr_carea' id='block_1_6' title="bbox 198 862 1339 2014">
    <p class='ocr_par' dir='ltr' id='par_1_6' title="bbox 198 862 1339 2014">
     <span class='ocr_line' id='line_1_9' title="bbox 289 862 1332 907; baseline 0 -11"><span class='ocrx_word' id='word_1_42' title='bbox 289 863 322 897; x_wconf 83' lang='lat'>1.</span> <span class='ocrx_word' id='word_1_43' title='bbox 343 863 574 897; x_wconf 82' lang='lat' dir='ltr'>Numerorum</span> <span class='ocrx_word' id='word_1_44' title='bbox 598 863 685 896; x_wconf 90' lang='lat' dir='ltr'>liber</span> <span class='ocrx_word' id='word_1_45' title='bbox 709 872 776 903; x_wconf 85' lang='lat' dir='ltr'>est,</span> <span class='ocrx_word' id='word_1_46' title='bbox 806 862 865 907; x_wconf 84' lang='lat' dir='ltr'>qui</span> <span class='ocrx_word' id='word_1_47' title='bbox 898 862 1020 905; x_wconf 73' lang='lat' dir='ltr'>legitur</span> <span class='ocrx_word' id='word_1_48' title='bbox 1048 863 1168 903; x_wconf 85' lang='lat' dir='ltr'>nobis,</span> <span class='ocrx_word' id='word_1_49' title='bbox 1196 863 1230 896; x_wconf 88' lang='lat' dir='ltr'>in</span> <span class='ocrx_word' id='word_1_50' title='bbox 1264 875 1332 907; x_wconf 88' lang='lat' dir='ltr'>quo</span> 
     </span>
     <span class='ocr_line' id='line_1_10' title="bbox 199 924 1337 969; baseline -0.001 -11"><span class='ocrx_word' id='word_1_51' title='bbox 199 925 327 958; x_wconf 77' lang='lat' dir='ltr'>multae</span> <span class='ocrx_word' id='word_1_52' title='bbox 349 934 426 958; x_wconf 89' lang='lat' dir='ltr'>sunt</span> <span class='ocrx_word' id='word_1_53' title='bbox 448 937 674 957; x_wconf 87' lang='lat' dir='ltr'>numerorum</span> <span class='ocrx_word' id='word_1_54' title='bbox 701 924 931 963; x_wconf 79' lang='lat' dir='ltr'>differentiae,</span> <span class='ocrx_word' id='word_1_55' title='bbox 965 937 1051 969; x_wconf 88' lang='lat' dir='ltr'>quae</span> <span class='ocrx_word' id='word_1_56' title='bbox 1075 925 1337 965; x_wconf 84' lang='lat' dir='ltr'>conscribuntur</span> 
     </span>
     <span class='ocr_line' id='line_1_11' title="bbox 201 985 1335 1030; baseline -0.001 -11"><span class='ocrx_word' id='word_1_57' title='bbox 201 987 245 1019; x_wconf 86' lang='lat' dir='ltr'>de</span> <span class='ocrx_word' id='word_1_58' title='bbox 268 987 344 1020; x_wconf 81' lang='lat' dir='ltr'>filiis</span> <span class='ocrx_word' id='word_1_59' title='bbox 368 987 481 1021; x_wconf 73' lang='lat' dir='ltr'>Israel.</span> <span class='ocrx_word' id='word_1_60' title='bbox 535 986 604 1018; x_wconf 88' lang='lat' dir='ltr'>Sed</span> <span class='ocrx_word' id='word_1_61' title='bbox 635 995 716 1030; x_wconf 89' lang='lat' dir='ltr'>post</span> <span class='ocrx_word' id='word_1_62' title='bbox 744 986 833 1019; x_wconf 79' lang='lat' dir='ltr'>filios</span> <span class='ocrx_word' id='word_1_63' title='bbox 863 985 964 1019; x_wconf 76' lang='lat' dir='ltr'>Israel</span> <span class='ocrx_word' id='word_1_64' title='bbox 988 996 1212 1020; x_wconf 86' lang='lat' dir='ltr'>numerantur</span> <span class='ocrx_word' id='word_1_65' title='bbox 1235 985 1335 1019; x_wconf 81' lang='lat' dir='ltr'>etiam</span> 
     </span>
     <span class='ocr_line' id='line_1_12' title="bbox 198 1046 1337 1081; baseline -0.002 0"><span class='ocrx_word' id='word_1_66' title='bbox 198 1048 335 1081; x_wconf 77' lang='lat' dir='ltr'>Levitae</span> <span class='ocrx_word' id='word_1_67' title='bbox 357 1061 521 1081; x_wconf 85' lang='lat' dir='ltr'>seorsum.</span> <span class='ocrx_word' id='word_1_68' title='bbox 575 1047 655 1080; x_wconf 83' lang='lat' dir='ltr'>Non</span> <span class='ocrx_word' id='word_1_69' title='bbox 691 1046 779 1080; x_wconf 90' lang='lat' dir='ltr'>enim</span> <span class='ocrx_word' id='word_1_70' title='bbox 810 1049 946 1080; x_wconf 82' lang='lat' dir='ltr'>fuerant</span> <span class='ocrx_word' id='word_1_71' title='bbox 978 1048 1133 1081; x_wconf 89' lang='lat' dir='ltr'>recensiti</span> <span class='ocrx_word' id='word_1_72' title='bbox 1159 1060 1237 1080; x_wconf 90' lang='lat' dir='ltr'>cum</span> <span class='ocrx_word' id='word_1_73' title='bbox 1260 1046 1337 1079; x_wconf 82' lang='lat' dir='ltr'>filiis</span> 
     </span>
     <span class='ocr_line' id='line_1_13' title="bbox 198 1107 1337 1153; baseline -0.002 -11"><span class='ocrx_word' id='word_1_74' title='bbox 198 1109 320 1150; x_wconf 80' lang='lat' dir='ltr'>Israel,</span> <span class='ocrx_word' id='word_1_75' title='bbox 353 1118 386 1142; x_wconf 88' lang='lat' dir='ltr'>et</span> <span class='ocrx_word' id='word_1_76' title='bbox 410 1110 556 1142; x_wconf 87' lang='lat' dir='ltr'>habetur</span> <span class='ocrx_word' id='word_1_77' title='bbox 579 1121 698 1141; x_wconf 87' lang='lat' dir='ltr'>eorum</span> <span class='ocrx_word' id='word_1_78' title='bbox 727 1118 915 1151; x_wconf 77' lang='lat' dir='ltr'>segregatus</span> <span class='ocrx_word' id='word_1_79' title='bbox 949 1108 1103 1153; x_wconf 87' lang='lat' dir='ltr'>quidam,</span> <span class='ocrx_word' id='word_1_80' title='bbox 1135 1122 1174 1141; x_wconf 85' lang='lat' dir='ltr'>ac</span> <span class='ocrx_word' id='word_1_81' title='bbox 1204 1107 1337 1153; x_wconf 87' lang='lat' dir='ltr'>praeci-</span> 
     </span>
     <span class='ocr_line' id='line_1_14' title="bbox 199 1168 1337 1216; baseline -0.001 -13"><span class='ocrx_word' id='word_1_82' title='bbox 199 1184 288 1216; x_wconf 82' lang='lat' dir='ltr'>puus</span> <span class='ocrx_word' id='word_1_83' title='bbox 312 1183 395 1215; x_wconf 87' lang='lat' dir='ltr'>prae</span> <span class='ocrx_word' id='word_1_84' title='bbox 420 1170 537 1203; x_wconf 80' lang='lat' dir='ltr'>ceteris</span> <span class='ocrx_word' id='word_1_85' title='bbox 562 1183 744 1211; x_wconf 88' lang='lat' dir='ltr'>numerus,</span> <span class='ocrx_word' id='word_1_86' title='bbox 781 1183 850 1215; x_wconf 91' lang='lat' dir='ltr'>quo</span> <span class='ocrx_word' id='word_1_87' title='bbox 875 1171 1070 1203; x_wconf 86' lang='lat' dir='ltr'>reseruntur</span> <span class='ocrx_word' id='word_1_88' title='bbox 1096 1182 1212 1202; x_wconf 88' lang='lat' dir='ltr'>omnes</span> <span class='ocrx_word' id='word_1_89' title='bbox 1236 1168 1337 1202; x_wconf 82' lang='lat' dir='ltr'>simul</span> 
     </span>
     <span class='ocr_line' id='line_1_15' title="bbox 199 1230 1339 1276; baseline -0.003 -11"><span class='ocrx_word' id='word_1_90' title='bbox 199 1232 316 1273; x_wconf 83' lang='lat' dir='ltr'>viginti</span> <span class='ocrx_word' id='word_1_91' title='bbox 341 1233 410 1265; x_wconf 90' lang='lat' dir='ltr'>duo</span> <span class='ocrx_word' id='word_1_92' title='bbox 441 1231 548 1265; x_wconf 84' lang='lat' dir='ltr'>millia</span> <span class='ocrx_word' id='word_1_93' title='bbox 572 1231 714 1276; x_wconf 82' lang='lat' dir='ltr'>reperti.</span> <span class='ocrx_word' id='word_1_94' title='bbox 747 1231 793 1264; x_wconf 86' lang='lat' dir='ltr'>ita</span> <span class='ocrx_word' id='word_1_95' title='bbox 825 1240 863 1264; x_wconf 91' lang='lat' dir='ltr'>ut</span> <span class='ocrx_word' id='word_1_96' title='bbox 893 1244 1004 1276; x_wconf 88' lang='lat' dir='ltr'>neque</span> <span class='ocrx_word' id='word_1_97' title='bbox 1031 1231 1174 1276; x_wconf 87' lang='lat' dir='ltr'>amplius</span> <span class='ocrx_word' id='word_1_98' title='bbox 1199 1230 1339 1275; x_wconf 81' lang='lat' dir='ltr'>aliquid,</span> 
     </span>
     <span class='ocr_line' id='line_1_16' title="bbox 198 1292 1339 1338; baseline -0.002 -12"><span class='ocrx_word' id='word_1_99' title='bbox 198 1306 313 1338; x_wconf 83' lang='lat' dir='ltr'>neque</span> <span class='ocrx_word' id='word_1_100' title='bbox 335 1293 449 1326; x_wconf 89' lang='lat' dir='ltr'>minus</span> <span class='ocrx_word' id='word_1_101' title='bbox 478 1293 545 1325; x_wconf 87' lang='lat' dir='ltr'>hoe</span> <span class='ocrx_word' id='word_1_102' title='bbox 575 1305 722 1325; x_wconf 87' lang='lat' dir='ltr'>numero</span> <span class='ocrx_word' id='word_1_103' title='bbox 747 1292 924 1326; x_wconf 88' lang='lat' dir='ltr'>inventum</span> <span class='ocrx_word' id='word_1_104' title='bbox 948 1294 998 1326; x_wconf 91' lang='lat' dir='ltr'>sit.</span> <span class='ocrx_word' id='word_1_105' title='bbox 1043 1292 1127 1326; x_wconf 91' lang='lat' dir='ltr'>Post</span> <span class='ocrx_word' id='word_1_106' title='bbox 1149 1293 1216 1324; x_wconf 86' lang='lat' dir='ltr'>hoc</span> <span class='ocrx_word' id='word_1_107' title='bbox 1239 1304 1339 1336; x_wconf 80' lang='lat' dir='ltr'>prae-</span> 
     </span>
     <span class='ocr_line' id='line_1_17' title="bbox 200 1353 1338 1399; baseline -0.002 -12"><span class='ocrx_word' id='word_1_108' title='bbox 200 1355 291 1399; x_wconf 84' lang='lat' dir='ltr'>cepit</span> <span class='ocrx_word' id='word_1_109' title='bbox 333 1354 509 1387; x_wconf 82' lang='lat' dir='ltr'>Dominus</span> <span class='ocrx_word' id='word_1_110' title='bbox 546 1353 719 1386; x_wconf 85' lang='lat' dir='ltr'>numerari</span> <span class='ocrx_word' id='word_1_111' title='bbox 762 1353 862 1386; x_wconf 84' lang='lat' dir='ltr'>etiam</span> <span class='ocrx_word' id='word_1_112' title='bbox 902 1353 1148 1398; x_wconf 85' lang='lat' dir='ltr'>primogenitos</span> <span class='ocrx_word' id='word_1_113' title='bbox 1185 1353 1338 1386; x_wconf 79' lang='lat' dir='ltr'>filiorum</span> 
     </span>
     <span class='ocr_line' id='line_1_18' title="bbox 199 1414 1338 1460; baseline -0.001 -11"><span class='ocrx_word' id='word_1_114' title='bbox 199 1416 304 1450; x_wconf 76' lang='lat' dir='ltr'>Israel</span> <span class='ocrx_word' id='word_1_115' title='bbox 335 1416 458 1448; x_wconf 87' lang='lat' dir='ltr'>eodem</span> <span class='ocrx_word' id='word_1_116' title='bbox 490 1415 628 1456; x_wconf 82' lang='lat' dir='ltr'>ordine,</span> <span class='ocrx_word' id='word_1_117' title='bbox 657 1428 726 1460; x_wconf 89' lang='lat' dir='ltr'>quo</span> <span class='ocrx_word' id='word_1_118' title='bbox 758 1415 892 1448; x_wconf 78' lang='lat' dir='ltr'>Levitae</span> <span class='ocrx_word' id='word_1_119' title='bbox 923 1416 1058 1448; x_wconf 79' lang='lat' dir='ltr'>fuerant</span> <span class='ocrx_word' id='word_1_120' title='bbox 1080 1415 1268 1455; x_wconf 80' lang='lat' dir='ltr'>numerati,</span> <span class='ocrx_word' id='word_1_121' title='bbox 1300 1414 1338 1448; x_wconf 88' lang='lat' dir='ltr'>id</span> 
     </span>
     <span class='ocr_line' id='line_1_19' title="bbox 201 1476 1338 1522; baseline -0.002 -11"><span class='ocrx_word' id='word_1_122' title='bbox 201 1487 260 1518; x_wconf 82' lang='lat' dir='ltr'>est,</span> <span class='ocrx_word' id='word_1_123' title='bbox 284 1478 327 1510; x_wconf 89' lang='lat' dir='ltr'>ab</span> <span class='ocrx_word' id='word_1_124' title='bbox 351 1490 422 1510; x_wconf 90' lang='lat' dir='ltr'>uno</span> <span class='ocrx_word' id='word_1_125' title='bbox 446 1488 562 1509; x_wconf 85' lang='lat' dir='ltr'>mense</span> <span class='ocrx_word' id='word_1_126' title='bbox 593 1485 626 1509; x_wconf 89' lang='lat' dir='ltr'>et</span> <span class='ocrx_word' id='word_1_127' title='bbox 653 1489 774 1520; x_wconf 88' lang='lat' dir='ltr'>supra,</span> <span class='ocrx_word' id='word_1_128' title='bbox 812 1487 843 1510; x_wconf 92' lang='lat' dir='ltr'>et</span> <span class='ocrx_word' id='word_1_129' title='bbox 874 1476 1093 1510; x_wconf 81' lang='lat' dir='ltr'>inveniuntur</span> <span class='ocrx_word' id='word_1_130' title='bbox 1121 1476 1338 1522; x_wconf 81' lang='lat' dir='ltr'>primogeniti</span> 
     </span>
     <span class='ocr_line' id='line_1_20' title="bbox 200 1537 1338 1583; baseline 0 -11"><span class='ocrx_word' id='word_1_131' title='bbox 200 1539 352 1572; x_wconf 79' lang='lat' dir='ltr'>filiorum</span> <span class='ocrx_word' id='word_1_132' title='bbox 383 1538 486 1571; x_wconf 82' lang='lat' dir='ltr'>Israel</span> <span class='ocrx_word' id='word_1_133' title='bbox 507 1537 622 1580; x_wconf 82' lang='lat' dir='ltr'>viginti</span> <span class='ocrx_word' id='word_1_134' title='bbox 647 1539 717 1571; x_wconf 90' lang='lat' dir='ltr'>duo</span> <span class='ocrx_word' id='word_1_135' title='bbox 741 1538 865 1579; x_wconf 82' lang='lat' dir='ltr'>millia,</span> <span class='ocrx_word' id='word_1_136' title='bbox 898 1548 931 1571; x_wconf 88' lang='lat' dir='ltr'>et</span> <span class='ocrx_word' id='word_1_137' title='bbox 964 1539 1100 1572; x_wconf 84' lang='lat' dir='ltr'>ducenti</span> <span class='ocrx_word' id='word_1_138' title='bbox 1126 1537 1338 1583; x_wconf 77' lang='lat' dir='ltr'>septuaginta</span> 
     </span>
     <span class='ocr_line' id='line_1_21' title="bbox 199 1599 1339 1644; baseline -0.003 -9"><span class='ocrx_word' id='word_1_139' title='bbox 199 1610 277 1635; x_wconf 74' lang='lat' dir='ltr'>tres.</span> <span class='ocrx_word' id='word_1_140' title='bbox 329 1599 477 1633; x_wconf 84' lang='lat' dir='ltr'>Putasne</span> <span class='ocrx_word' id='word_1_141' title='bbox 507 1612 571 1644; x_wconf 83' lang='lat' dir='ltr'>per</span> <span class='ocrx_word' id='word_1_142' title='bbox 602 1599 686 1632; x_wconf 82' lang='lat' dir='ltr'>haec</span> <span class='ocrx_word' id='word_1_143' title='bbox 715 1600 825 1633; x_wconf 80' lang='lat' dir='ltr'>solam</span> <span class='ocrx_word' id='word_1_144' title='bbox 857 1601 992 1633; x_wconf 87' lang='lat' dir='ltr'>numeri</span> <span class='ocrx_word' id='word_1_145' title='bbox 1015 1599 1190 1633; x_wconf 81' lang='lat' dir='ltr'>historiam</span> <span class='ocrx_word' id='word_1_146' title='bbox 1215 1601 1339 1639; x_wconf 82' lang='lat' dir='ltr'>docere</span> 
     </span>
     <span class='ocr_line' id='line_1_22' title="bbox 199 1661 1338 1701; baseline -0.002 -6"><span class='ocrx_word' id='word_1_147' title='bbox 199 1675 265 1696; x_wconf 86' lang='lat' dir='ltr'>nos</span> <span class='ocrx_word' id='word_1_148' title='bbox 288 1661 395 1695; x_wconf 82' lang='lat' dir='ltr'>voluit</span> <span class='ocrx_word' id='word_1_149' title='bbox 416 1661 542 1701; x_wconf 79' lang='lat' dir='ltr'>Moses,</span> <span class='ocrx_word' id='word_1_150' title='bbox 567 1670 598 1694; x_wconf 87' lang='lat' dir='ltr'>et</span> <span class='ocrx_word' id='word_1_151' title='bbox 621 1662 754 1694; x_wconf 86' lang='lat' dir='ltr'>nullum</span> <span class='ocrx_word' id='word_1_152' title='bbox 782 1661 818 1694; x_wconf 86' lang='lat' dir='ltr'>in</span> <span class='ocrx_word' id='word_1_153' title='bbox 843 1661 880 1695; x_wconf 88' lang='lat' dir='ltr'>iis</span> <span class='ocrx_word' id='word_1_154' title='bbox 905 1661 1151 1695; x_wconf 84' lang='lat' dir='ltr'>diversitatibus</span> <span class='ocrx_word' id='word_1_155' title='bbox 1173 1673 1338 1694; x_wconf 84' lang='lat' dir='ltr'>numero-</span> 
     </span>
     <span class='ocr_line' id='line_1_23' title="bbox 199 1721 1339 1767; baseline -0.001 -11"><span class='ocrx_word' id='word_1_156' title='bbox 199 1737 278 1756; x_wconf 90' lang='lat' dir='ltr'>rum</span> <span class='ocrx_word' id='word_1_157' title='bbox 303 1722 469 1756; x_wconf 76' lang='lat' dir='ltr'>conclusit</span> <span class='ocrx_word' id='word_1_158' title='bbox 500 1722 601 1764; x_wconf 70' lang='lat' dir='ltr'>solito</span> <span class='ocrx_word' id='word_1_159' title='bbox 637 1722 701 1755; x_wconf 85' lang='lat' dir='ltr'>sihi</span> <span class='ocrx_word' id='word_1_160' title='bbox 732 1734 830 1755; x_wconf 85' lang='lat' dir='ltr'>more</span> <span class='ocrx_word' id='word_1_161' title='bbox 860 1722 1086 1767; x_wconf 82' lang='lat' dir='ltr'>mysterium?</span> <span class='ocrx_word' id='word_1_162' title='bbox 1131 1722 1270 1756; x_wconf 84' lang='lat' dir='ltr'>Nihilne</span> <span class='ocrx_word' id='word_1_163' title='bbox 1289 1721 1339 1755; x_wconf 87' lang='lat' dir='ltr'>vi-</span> 
     </span>
     <span class='ocr_line' id='line_1_24' title="bbox 201 1783 1338 1828; baseline -0.001 -10"><span class='ocrx_word' id='word_1_164' title='bbox 201 1784 340 1818; x_wconf 85' lang='lat' dir='ltr'>debitur</span> <span class='ocrx_word' id='word_1_165' title='bbox 363 1797 431 1817; x_wconf 85' lang='lat' dir='ltr'>esse</span> <span class='ocrx_word' id='word_1_166' title='bbox 454 1783 611 1824; x_wconf 80' lang='lat' dir='ltr'>rationis,</span> <span class='ocrx_word' id='word_1_167' title='bbox 648 1786 742 1828; x_wconf 87' lang='lat' dir='ltr'>quod</span> <span class='ocrx_word' id='word_1_168' title='bbox 773 1784 909 1817; x_wconf 79' lang='lat' dir='ltr'>ducenti</span> <span class='ocrx_word' id='word_1_169' title='bbox 939 1783 1150 1828; x_wconf 79' lang='lat' dir='ltr'>septuaginta</span> <span class='ocrx_word' id='word_1_170' title='bbox 1174 1793 1238 1817; x_wconf 88' lang='lat' dir='ltr'>tres</span> <span class='ocrx_word' id='word_1_171' title='bbox 1261 1792 1338 1817; x_wconf 87' lang='lat' dir='ltr'>tan-</span> 
     </span>
     <span class='ocr_line' id='line_1_25' title="bbox 200 1844 1337 1890; baseline -0.001 -10"><span class='ocrx_word' id='word_1_172' title='bbox 200 1857 274 1880; x_wconf 81' lang='lat' dir='ltr'>tum</span> <span class='ocrx_word' id='word_1_173' title='bbox 298 1846 474 1879; x_wconf 82' lang='lat' dir='ltr'>abundare</span> <span class='ocrx_word' id='word_1_174' title='bbox 497 1844 657 1878; x_wconf 91' lang='lat' dir='ltr'>dicuntur</span> <span class='ocrx_word' id='word_1_175' title='bbox 680 1845 716 1878; x_wconf 89' lang='lat' dir='ltr'>in</span> <span class='ocrx_word' id='word_1_176' title='bbox 739 1844 971 1890; x_wconf 86' lang='lat' dir='ltr'>primogenitis</span> <span class='ocrx_word' id='word_1_177' title='bbox 993 1845 1106 1885; x_wconf 85' lang='lat' dir='ltr'>Israel,</span> <span class='ocrx_word' id='word_1_178' title='bbox 1131 1853 1164 1877; x_wconf 85' lang='lat' dir='ltr'>et</span> <span class='ocrx_word' id='word_1_179' title='bbox 1185 1845 1221 1877; x_wconf 93' lang='lat' dir='ltr'>in</span> <span class='ocrx_word' id='word_1_180' title='bbox 1240 1846 1337 1879; x_wconf 87' lang='lat' dir='ltr'>Levi-</span> 
     </span>
     <span class='ocr_line' id='line_1_26' title="bbox 199 1905 1335 1951; baseline -0.002 -11"><span class='ocrx_word' id='word_1_181' title='bbox 199 1908 241 1941; x_wconf 75' lang='lat' dir='ltr'>tis</span> <span class='ocrx_word' id='word_1_182' title='bbox 267 1909 310 1941; x_wconf 86' lang='lat' dir='ltr'>ad</span> <span class='ocrx_word' id='word_1_183' title='bbox 333 1907 448 1950; x_wconf 83' lang='lat' dir='ltr'>viginti</span> <span class='ocrx_word' id='word_1_184' title='bbox 472 1907 542 1940; x_wconf 84' lang='lat' dir='ltr'>duo</span> <span class='ocrx_word' id='word_1_185' title='bbox 567 1906 683 1946; x_wconf 80' lang='lat' dir='ltr'>millia,</span> <span class='ocrx_word' id='word_1_186' title='bbox 714 1920 826 1951; x_wconf 86' lang='lat' dir='ltr'>neque</span> <span class='ocrx_word' id='word_1_187' title='bbox 851 1907 1026 1940; x_wconf 84' lang='lat' dir='ltr'>abundare</span> <span class='ocrx_word' id='word_1_188' title='bbox 1050 1905 1251 1950; x_wconf 84' lang='lat' dir='ltr'>quicquam,</span> <span class='ocrx_word' id='word_1_189' title='bbox 1274 1919 1335 1939; x_wconf 91' lang='lat' dir='ltr'>ne-</span> 
     </span>
     <span class='ocr_line' id='line_1_27' title="bbox 202 1967 1336 2014; baseline -0.002 -12"><span class='ocrx_word' id='word_1_190' title='bbox 202 1983 268 2014; x_wconf 87' lang='lat' dir='ltr'>que</span> <span class='ocrx_word' id='word_1_191' title='bbox 294 1971 404 2002; x_wconf 87' lang='lat' dir='ltr'>deesse</span> <span class='ocrx_word' id='word_1_192' title='bbox 429 1967 652 2002; x_wconf 82' lang='lat' dir='ltr'>describitur?</span> <span class='ocrx_word' id='word_1_193' title='bbox 697 1967 822 2010; x_wconf 84' lang='lat' dir='ltr'>Viginti</span> <span class='ocrx_word' id='word_1_194' title='bbox 857 1969 927 2000; x_wconf 88' lang='lat' dir='ltr'>duo</span> <span class='ocrx_word' id='word_1_195' title='bbox 953 1967 1092 2012; x_wconf 84' lang='lat' dir='ltr'>quidem</span> <span class='ocrx_word' id='word_1_196' title='bbox 1116 1980 1276 2001; x_wconf 87' lang='lat' dir='ltr'>numerus</span> <span class='ocrx_word' id='word_1_197' title='bbox 1301 1968 1336 2000; x_wconf 87' lang='lat' dir='ltr'>in</span> 
     </span>
    </p>
   </div>
   <div class='ocr_carea' id='block_1_7' title="bbox 202 2028 1334 2074">
    <p class='ocr_par' dir='ltr' id='par_1_7' title="bbox 202 2028 1334 2074">
     <span class='ocr_line' id='line_1_28' title="bbox 202 2028 1334 2074; baseline 0 -11"><span class='ocrx_word' id='word_1_198' title='bbox 202 2030 374 2074; x_wconf 87' lang='lat' dir='ltr'>scripturis</span> <span class='ocrx_word' id='word_1_199' title='bbox 399 2029 528 2070; x_wconf 83' lang='lat' dir='ltr'>divinis,</span> <span class='ocrx_word' id='word_1_200' title='bbox 551 2029 579 2063; x_wconf 84' lang='lat' dir='ltr'>si</span> <span class='ocrx_word' id='word_1_201' title='bbox 603 2030 676 2074; x_wconf 89' lang='lat' dir='ltr'>quis</span> <span class='ocrx_word' id='word_1_202' title='bbox 693 2030 857 2069; x_wconf 86' lang='lat' dir='ltr'>observet,</span> <span class='ocrx_word' id='word_1_203' title='bbox 883 2029 978 2074; x_wconf 87' lang='lat' dir='ltr'>quod</span> <span class='ocrx_word' id='word_1_204' title='bbox 997 2028 1242 2073; x_wconf 80' lang='lat' dir='ltr'>principalibus</span> <span class='ocrx_word' id='word_1_205' title='bbox 1259 2031 1334 2074; x_wconf 86' lang='lat' dir='ltr'>qui-</span> 
     </span>
    </p>
   </div>
   <div class='ocr_carea' id='block_1_8' title="bbox 199 2168 1335 2260">
    <p class='ocr_par' dir='ltr' id='par_1_8' title="bbox 199 2168 1335 2260">
     <span class='ocr_line' id='line_1_29' title="bbox 298 2168 1335 2214; baseline 0.001 -14"><span class='ocrx_word' id='word_1_206' title='bbox 298 2169 330 2212; x_wconf 88' lang='lat'>¹)</span> <span class='ocrx_word' id='word_1_207' title='bbox 356 2169 395 2201; x_wconf 92' lang='lat' dir='ltr'>In</span> <span class='ocrx_word' id='word_1_208' title='bbox 432 2168 568 2209; x_wconf 75' lang='lat' dir='ltr'>vulgatis</span> <span class='ocrx_word' id='word_1_209' title='bbox 603 2170 810 2203; x_wconf 80' lang='lat' dir='ltr'>editionibus</span> <span class='ocrx_word' id='word_1_210' title='bbox 847 2170 896 2214; x_wconf 89' lang='lat' dir='ltr'>(v.</span> <span class='ocrx_word' id='word_1_211' title='bbox 928 2182 953 2201; x_wconf 93' lang='lat' dir='ltr'>c.</span> <span class='ocrx_word' id='word_1_212' title='bbox 995 2169 1072 2201; x_wconf 81' lang='lat' dir='ltr'>edd.</span> <span class='ocrx_word' id='word_1_213' title='bbox 1107 2168 1177 2210; x_wconf 83' lang='grc' dir='ltr'>Μ.)</span> <span class='ocrx_word' id='word_1_214' title='bbox 1214 2169 1335 2202; x_wconf 83' lang='lat' dir='ltr'>desunt</span> 
     </span>
     <span class='ocr_line' id='line_1_30' title="bbox 199 2213 1178 2260; baseline -0.002 -12"><span class='ocrx_word' id='word_1_215' title='bbox 199 2214 320 2248; x_wconf 65' lang='lat' dir='ltr'>verba:</span> <span class='ocrx_word' id='word_1_216' title='bbox 344 2223 397 2254; x_wconf 88' lang='lat' dir='ltr'>„et</span> <span class='ocrx_word' id='word_1_217' title='bbox 420 2213 632 2257; x_wconf 68' lang='lat' dir='ltr'>imperiuffi,“</span> <span class='ocrx_word' id='word_1_218' title='bbox 658 2227 743 2258; x_wconf 83' lang='lat' dir='ltr'>quae</span> <span class='ocrx_word' id='word_1_219' title='bbox 767 2217 969 2260; x_wconf 83' lang='lat' dir='ltr'>supplentur</span> <span class='ocrx_word' id='word_1_220' title='bbox 993 2227 1011 2246; x_wconf 90' lang='lat' dir='ltr'>e</span> <span class='ocrx_word' id='word_1_221' title='bbox 1034 2213 1115 2248; x_wconf 79' lang='lat' dir='ltr'>Mss.</span> <span class='ocrx_word' id='word_1_222' title='bbox 1140 2213 1178 2246; x_wconf 87' lang='lat' dir='ltr'>R.</span> 
     </span>
    </p>
   </div>
   <div class='ocr_carea' id='block_1_9' title="bbox 295 2269 695 2314">
    <p class='ocr_par' dir='ltr' id='par_1_9' title="bbox 295 2269 695 2314">
     <span class='ocr_line' id='line_1_31' title="bbox 295 2269 695 2314; baseline 0 -12"><span class='ocrx_word' id='word_1_223' title='bbox 295 2270 333 2314; x_wconf 75' lang='lat'>²)</span> <span class='ocrx_word' id='word_1_224' title='bbox 357 2270 458 2303; x_wconf 72' lang='lat' dir='ltr'>Num.</span> <span class='ocrx_word' id='word_1_225' title='bbox 483 2269 541 2310; x_wconf 81' lang='lat' dir='ltr'>III,</span> <span class='ocrx_word' id='word_1_226' title='bbox 565 2269 618 2304; x_wconf 88' lang='grc'>39.</span> <span class='ocrx_word' id='word_1_227' title='bbox 643 2271 695 2305; x_wconf 86' lang='grc'>43.</span> 
     </span>
    </p>
   </div>
  </div>
 </body>
</html>
