1427 2460
259 110 262 112 v
311 77 349 101 m
372 66 551 99 Nummos
575 62 738 98 Honmm
761 64 890 97 XXIII.
1102 65 1171 100 283

41 157 141 191 Tunc
171 156 261 190 enim
292 155 411 189 melius
442 153 672 188 indesinenter
705 153 831 199 poterit
864 153 977 187 anima
1012 153 1171 187 adsistere

0 211 1 214 Ἰ
41 219 131 260 Deo,
156 227 188 252 et
211 219 336 251 offerre
357 215 561 251 sacrificium
580 215 689 250 laudis
703 228 766 260 per
780 216 980 260 pontificem
997 228 1171 258 magnum,

43 281 101 326 qui
133 289 181 314 est
209 280 365 314 sacerdos
397 277 434 311 in
463 287 638 312 aeternum
669 278 858 311 seeundum
892 278 1048 311 ordinem
1079 276 1169 310 Mel-

43 340 228 376 chisedech.

129 404 160 438 5.
207 401 321 435 Tertia
350 399 504 434 festivitas
526 400 669 445 ponitur
695 400 899 434 neomeniae
922 400 1009 442 dies,
1043 400 1079 434 in
1104 413 1170 445 qua

41 464 185 497 offertur
215 472 247 496 et
273 461 393 496 hostia.
440 461 628 496 Neomenia
658 471 771 495 autem
804 462 929 496 dicitur
956 475 1046 495 nova
1077 462 1170 495 luna.

41 525 102 558 Est
131 537 210 567 ergo
243 534 275 558 et
306 524 365 559 ista
398 523 572 565 festivitas,
602 536 680 557 cum
711 524 792 557 luna
819 523 1012 559 innovatur.
1070 524 1170 556 Nova

40 595 153 620 autem
179 586 318 626 dicitur,
350 600 428 620 cum
451 586 515 619 soli
537 585 693 631 proxima
715 585 817 619 fuerit
840 586 980 625 effecta,
1011 593 1043 618 et
1072 584 1171 617 valde

0 692 1 696 Ἰ
42 645 72 680 ei
95 646 296 692 conjuncta,
315 648 361 682 ita
385 657 422 681 ut
443 649 507 681 sub
533 646 681 681 claritate
705 646 775 693 ejus
798 647 907 680 lateat.
953 646 1022 679 Sed
1044 645 1170 678 mirum

41 710 181 743 fortasse
211 710 382 749 videatur,
416 708 487 742 imo
524 709 736 754 superfluum
768 709 821 742 lex
854 707 967 740 divina
996 708 1170 740 mandare.

42 770 138 813 Quid
162 771 252 805 enim
275 769 430 812 religioni
453 770 626 812 conducit,
650 771 752 803 lunae
774 782 903 810 novae,
936 768 972 802 id
997 777 1062 810 est,
1092 781 1170 800 cum

41 830 260 878 conjungitur
290 831 373 872 soli,
404 840 436 865 et
464 832 626 872 adhaeret
655 831 702 872 ei,
736 831 916 865 observare
938 829 1172 864 festivitatem?

42 892 136 927 Haec
158 894 187 926 si
207 894 394 927 secundum
419 893 551 926 literam
583 893 859 933 considerentur,
889 906 962 925 non
992 901 1060 925 tam
1093 890 1172 924 reli-—

40 954 142 998 giosa,
165 968 266 1000 quam
288 955 517 1000 superstitiosa
541 955 765 998 videbuntur;
788 956 849 988 sed
870 954 997 987 sciebat
1021 956 1171 999 Aposto-

40 1017 91 1050 lus
114 1016 248 1056 Paulus‚
274 1015 351 1061 quia
374 1029 446 1050 non
471 1017 513 1049 de
537 1016 576 1050 iis
599 1016 753 1062 loquitur
774 1017 836 1056 lex,
858 1029 921 1049 nec
937 1015 1034 1049 illum
1057 1015 1172 1055 ritum,

41 1077 100 1123 qui
124 1092 142 1112 a
164 1078 302 1111 Judaeis
324 1078 494 1111 observari
508 1078 650 1118 videtur,
673 1078 818 1122 Spiritus
833 1087 966 1112 sanctus
983 1077 1172 1122 praecepit:

43 1148 75 1173 et
109 1139 188 1173 ideo
226 1141 269 1172 ad
304 1152 379 1179 eos,
415 1138 474 1184 qui
508 1140 613 1173 fidem
649 1139 716 1172 Dei
753 1147 988 1184 susceperunt,
1023 1138 1171 1171 dicebat:

41 1213 165 1240 „nemo
180 1199 215 1243 ¹)
247 1213 325 1244 ergo
357 1214 417 1234 vos
440 1200 568 1246 judicet
590 1201 626 1234 in
651 1200 748 1240 cibo,
780 1209 838 1233 aut
859 1209 965 1245 potu,
996 1209 1054 1232 aut
1077 1208 1174 1244 parte

43 1261 110 1296 diei
133 1261 218 1304 sesti,
243 1262 346 1306 aut²)
370 1263 562 1303 neomenia,
585 1272 643 1295 aut
665 1262 827 1296 sabbato:
852 1275 939 1306 quae
959 1270 1038 1295 sunt
1050 1261 1173 1294 umbra

41 1324 270 1356 futurorum.“
317 1323 354 1356 Si
377 1336 456 1365 ergo
480 1325 601 1356 umbra
625 1324 821 1356 futurorum
846 1332 895 1356 est
916 1323 1108 1363 sabbatum,
1130 1322 1174 1355 de

42 1398 112 1429 quo
135 1398 200 1430 pro
223 1385 349 1419 viribus
370 1397 473 1429 supra
505 1383 744 1429 explicuimus,
779 1393 812 1417 et
838 1384 1021 1417 neomenia
1050 1384 1173 1416 umbra

41 1447 235 1480 futurorum
259 1455 317 1486 est,
341 1455 469 1479 certum
490 1454 554 1486 est,
586 1447 680 1490 quod
713 1455 744 1479 et
767 1455 897 1480 ceterae
917 1445 1107 1479 festivitates
1130 1444 1174 1478 si-

43 1507 168 1541 militer
189 1508 333 1541 umbrae
356 1517 434 1541 sunt
455 1509 662 1542 futurorum.
707 1508 777 1542 Sed
806 1521 899 1541 nunc
930 1507 1101 1541 videamus
1132 1508 1176 1540 de

42 1569 234 1603 neomenia.
269 1569 434 1610 Diximus,
457 1571 551 1614 quod
574 1569 777 1603 neomeniae
798 1569 955 1603 festivitas
974 1571 1175 1614 appellatur,

45 1645 123 1665 cum
145 1632 228 1664 luna
249 1629 405 1663 innovari
428 1630 590 1675 coeperit,
616 1640 648 1665 et
670 1631 736 1665 soli
759 1629 913 1675 proxima
937 1632 1054 1671 fuerit,
1076 1630 1173 1675 peni-

44 1702 167 1738 tusque
190 1690 383 1737 conjuncta.
430 1691 491 1725 Sol
515 1691 659 1738 justitiae
685 1692 836 1725 Christus
854 1701 917 1726 est:
943 1691 1021 1724 huic
1040 1693 1066 1726 si
1082 1693 1173 1732 luna,

45 1754 81 1794 id
106 1764 172 1797 est,
204 1754 342 1788 ecclesia
365 1766 442 1793 sua,
475 1766 561 1797 quae
584 1753 713 1787 lumine
736 1753 840 1798 ipsius
864 1755 1031 1798 repletur,
1059 1752 1174 1799 juncta

48 1815 158 1856 fuerit,
182 1826 214 1849 et
237 1815 370 1860 penitus
394 1813 424 1848 ei
448 1815 652 1856 adhaeserit,
676 1815 720 1848 ita
746 1824 799 1855 ut,
822 1816 1008 1848 secundum
1033 1815 1174 1847 verbum

48 1877 213 1923 Apostoli,
237 1876 296 1922 qui
317 1889 353 1910 se
377 1875 533 1921 jungit3)
563 1876 738 1917 Domino,
762 1890 849 1910 unus
873 1889 950 1909 cum
976 1888 1016 1908 eo
1041 1875 1176 1921 spiritus

47 1940 121 1981 fiat,
156 1949 238 1973 tune
266 1939 475 1973 festivitatem
507 1937 709 1973 neomeniae
742 1939 823 1980 agit:
854 1947 935 1972 tunc
965 1937 1054 1972 enim
1085 1951 1174 1972 nova

145 2083 178 2127 ¹)
204 2083 331 2118 coloss.
359 2084 398 2123 11,
423 2085 474 2119 16.
501 2086 553 2119 17.

140 2138 177 2184 ²)
203 2141 332 2175 Omnes
357 2139 468 2174 Codd.
494 2141 575 2174 Mss.
601 2150 683 2180 „aut
715 2140 932 2174 neomenia.“
978 2139 1072 2173 Libri
1096 2139 1175 2173 editi

51 2187 97 2231 (e.
121 2199 149 2218 c.
175 2185 252 2218 edd.
276 2184 363 2229 M.):
388 2195 471 2224 „aut
495 2186 706 2220 neomeniae.
716 2190 737 2205 “
760 2184 801 2218 R.

140 2239 178 2285 3)
203 2240 218 2272 1
243 2239 322 2273 cor.
348 2241 405 2281 vl,
430 2243 481 2276 17.
