1427 2460
217 39 285 75 222
697 40 874 74 Omenms

217 130 330 179 hujus,
354 143 440 176 quae
465 130 669 164 destruenda
686 129 819 169 (licitur,
843 140 874 163 et
888 130 1081 175 principum
1102 131 1223 165 mundi
1238 132 1347 179 hujus,

216 204 250 227 et
270 193 298 227 si
324 206 391 238 qua
414 193 479 224 alia
505 201 568 230 est,
591 204 654 236 per
678 205 780 237 quam
804 193 887 226 falsa
909 192 1046 226 scientia
1071 195 1347 228 commendatur:

215 255 279 289 nisi
302 254 337 287 in
362 253 435 299 ipso
459 253 577 286 libello
609 252 645 285 in
671 253 955 298 consequentibus
979 255 1164 288 diceretur:
1196 268 1297 295 „non
1311 255 1349 299 ¹)

215 327 264 351 est
289 317 379 350 enim
403 314 574 360 sapientia,
597 314 745 347 malitiae
769 314 978 362 disciplina.“
1023 316 1090 349 Per
1113 317 1208 361 quod
1231 317 1349 362 utique

215 381 336 417 docet,
367 377 445 422 quia
481 376 590 410 omnis
623 376 815 421 disciplina,
846 390 931 422 quae
962 378 1036 412 falsi
1067 378 1195 423 aliquid
1225 377 1350 418 asserit,

214 439 344 475 etiamsi
365 439 546 471 vehemens
570 437 733 478 videatur,
756 448 789 471 et
812 439 1011 481 verisimilis,
1036 449 1068 473 et
1093 452 1179 485 quae
1200 439 1349 474 subverti

214 502 353 536 difficile
376 501 498 544 possit,
532 509 647 533 tamen
676 512 894 544 nequaquam
924 500 1120 546 hujusmodi
1141 491 1279 535 scientia
1302 501 1347 535 ad

211 563 396 609 sapientiae
418 562 554 594 titulum
579 563 701 595 debeat
723 562 897 606 applicari.
944 561 1039 606 Quid
1063 576 1142 606 ergo
1168 572 1226 603 est,
1251 563 1346 607 quod

212 626 277 659 ait:
301 624 484 668 „omnis²)
507 623 670 669 sapientia
695 638 712 657 a
737 624 814 656 Deo
841 624 940 658 est?“
987 625 1075 658 Illud
1100 624 1186 657 mihi
1207 623 1346 658 sensisse

211 688 356 728 videtur,
384 686 462 733 quia
488 685 598 718 omnis
623 685 754 730 peritia,
780 698 866 731 quae
888 687 941 719 vel
964 698 1040 727 erga
1064 695 1171 719 artem
1195 686 1344 731 aliquam

210 750 287 785 usui
311 751 464 782 humano
489 747 672 781 necessaria
689 747 843 788 habetur,
866 749 917 781 vel
933 747 1112 794 cujuslibet
1132 748 1181 782 rei
1195 747 1344 788 scientia,

211 811 374 859 sapientia
406 810 538 843 dicatur
575 822 593 842 a
626 809 781 842 Domino
815 811 900 843 data.
958 809 1120 855 Denique
1150 810 1243 855 apud
1272 810 1343 843 Job

207 876 374 920 scriptum
391 882 453 906 est:
477 870 573 915 „quis
584 870 621 915 ³)
646 871 740 904 dedit
761 871 960 905 mulieribus
977 871 1112 905 texendi
1132 871 1345 916 sapientiam,

208 946 242 971 et
265 933 433 970 varietatis
457 932 724 977 disciplinam?“
770 932 839 965 Sed
863 941 895 965 et
916 931 953 964 in
975 932 1118 966 Exodo:
1141 933 1344 977 „locutus⁴)

207 1008 274 1040 est,
308 996 438 1041 inquit,
474 994 646 1027 Dominus
682 995 725 1027 ad
753 994 895 1033 Mosen,
931 993 1060 1028 dicens:
1096 1008 1190 1035 ecce,
1225 994 1342 1028 vocavi

207 1057 411 1093 nominatim
434 1055 611 1089 Beselehel
633 1054 742 1087 filium
765 1055 848 1094 Uri,
880 1054 941 1089 filii
966 1055 1035 1096 Or,
1060 1068 1098 1088 ex
1120 1055 1212 1088 tribu
1233 1054 1345 1097 Juda;

209 1131 242 1154 et
262 1119 391 1165 replevi
414 1130 492 1150 eum
517 1116 637 1161 spiritu
662 1116 776 1149 divino
800 1115 1002 1160 sapientiae,
1026 1125 1059 1149 et
1080 1116 1286 1156 intellectus,
1309 1125 1342 1150 et

208 1183 425 1227 disciplinae,
448 1188 486 1212 ut
509 1178 545 1211 in
571 1179 664 1211 omni
689 1190 793 1224 opere
815 1177 994 1220 intelligat,
1025 1188 1057 1211 et
1079 1179 1121 1212 sit
1143 1177 1341 1212 architectus

207 1247 250 1279 ad
277 1243 491 1289 operandum
523 1249 716 1282 argentum,
751 1248 784 1272 et
807 1252 946 1280 aurum,
978 1249 1010 1273 et
1041 1253 1113 1280 aes,
1144 1248 1177 1273 et
1208 1239 1339 1285 lapides

205 1303 420 1352 repletionis,
446 1312 478 1335 et
501 1301 616 1335 omnia
641 1314 745 1346 opera
768 1302 922 1341 fabrilia,
946 1311 978 1335 et
1000 1303 1034 1335 in
1061 1302 1168 1344 ligno,
1191 1310 1230 1334 ut
1256 1313 1339 1346 ope-

205 1377 300 1402 retur
328 1364 517 1399 secundum
551 1362 664 1395 omnia
698 1376 820 1407 opera,
853 1364 896 1396 ad
929 1376 1016 1408 quae
1048 1375 1108 1404 ego
1139 1362 1218 1396 dedi
1250 1375 1338 1396 eum.

203 1430 275 1464 Sed
299 1437 330 1460 et
351 1425 452 1459 Eliab
482 1423 590 1457 filium
616 1424 839 1458 Achisamach
870 1437 907 1457 ex
940 1424 1032 1457 tribu
1056 1424 1147 1457 Dan.
1192 1424 1237 1457 Et
1260 1424 1340 1458 dedi

201 1491 237 1524 in
264 1503 325 1523 cor
349 1486 445 1520 omni
469 1485 629 1531 prudenti
651 1485 869 1526 intellectum,
894 1495 931 1518 ut
950 1485 1075 1520 faciant
1100 1484 1228 1526 omnia,
1251 1498 1339 1530 quae

203 1549 364 1586 constitui
386 1547 482 1581 tibi.“
520 1546 705 1579 Considera
733 1560 811 1589 ergo
836 1561 874 1580 ex
897 1547 935 1580 iis
961 1546 1132 1585 omnibus,
1156 1547 1336 1591 quomodo

202 1628 222 1648 a
245 1611 402 1646 Domino
427 1618 475 1642 est
497 1608 659 1652 sapientia
682 1608 829 1649 fabrilis,
852 1608 920 1642 sive
945 1608 980 1641 in
1005 1622 1108 1649 auro,
1132 1607 1199 1641 sive
1221 1607 1259 1641 in
1281 1619 1335 1640 ar-

201 1685 319 1720 gento,
347 1673 416 1706 sive
437 1670 475 1704 in
499 1669 563 1703 alia
588 1681 791 1714 quacunque
815 1670 974 1710 materia,
1003 1671 1055 1703 vel
1080 1669 1180 1703 etiam
1203 1668 1336 1702 textrini

201 1735 382 1782 sapientia:
419 1741 453 1765 et
476 1731 570 1770 vide,
600 1730 678 1776 quia
708 1731 783 1777 jure
807 1731 874 1765 diei
898 1733 940 1765 de
963 1730 1002 1764 iis
1027 1731 1188 1765 omnibus
1210 1739 1334 1776 potest,

200 1799 297 1844 quod
326 1797 453 1829 luorum
490 1792 628 1826 scientia
666 1794 708 1826 ab
744 1793 873 1827 excelso
905 1794 953 1826 sit.
1003 1792 1110 1837 Quod
1143 1792 1171 1826 si
1204 1791 1333 1825 fabrilis

198 1859 337 1893 scientia
362 1857 405 1889 ab
429 1855 560 1888 excelso
588 1867 656 1888 esse
681 1855 880 1895 declaratur,
905 1855 1086 1900 quomodo
1109 1867 1183 1888 non
1203 1863 1236 1886 et
1248 1866 1331 1901 geo-

199 1920 356 1958 metrica,
391 1930 430 1950 ex
461 1928 528 1961 qua
562 1915 679 1961 utique
706 1916 797 1949 -haec
828 1917 984 1957 scientia,
1021 1929 1124 1961 quam
1155 1915 1331 1959 Scriptura

293 2052 327 2094 ι>
351 2051 432 2095 Sap.
458 2051 587 2084 Sirach.
613 2051 717 2091 XIX,
743 2051 794 2085 19.
819 2050 1078 2096 (Ecclesiastic.)

291 2106 327 2151 ²)
353 2107 432 2150 Sap.
451 2105 578 2139 Sirach.
600 2107 631 2146 l,
657 2107 688 2140 1.
716 2106 974 2150 (Ecclesiastie.)

290 2163 326 2205 ³)
350 2162 429 2194 Job.
455 2161 661 2201 XXXVIII,
680 2162 734 2196 36.

289 2219 324 2237 ῃ
350 2217 458 2249 Exud.
482 2217 623 2257 XXXI,
647 2218 760 2250 1—6.

313 2244 324 2259 l
