1427 2460
369 39 405 62 m
429 19 608 62 Nummos
630 27 789 62 nomm
818 27 894 62 ΧΠ.
1133 28 1196 64 141

70 119 248 155 sibilacus
271 119 473 153 confractos.
528 117 598 150 Sed
633 126 664 150 ct
695 117 746 151 via
784 117 886 160 regali
921 116 1128 151 incessurum
1164 131 1199 151 sc

68 181 259 227 profitetur.
306 181 406 224 Quae
428 188 476 212 cst
497 178 549 211 via
573 178 714 221 regalis?
756 178 818 213 Illa
849 179 921 212 sine
955 179 1080 220 dubio,
1113 192 1200 224 quae

69 242 166 276 dicit:
191 256 273 285 „ego
288 241 323 285 ¹)
349 253 422 274 sum
445 240 508 279 via,
530 239 662 281 veritas,
685 249 718 273 ct
740 240 836 274 vita.“
890 241 935 273 Et
957 241 1079 274 merito
1104 253 1199 283 rega-

70 304 126 338 lis:
149 304 220 349 ipse
243 312 289 337 est
312 301 413 341 enim,
438 302 479 334 de
504 314 572 345 quo
589 302 758 347 propheta
771 301 832 334 ait:
856 301 1017 346 „Dcus²)
1032 301 1198 347 judicium

70 374 166 398 tuum
182 363 251 405 regi
264 365 339 397 da.“
375 361 438 395 Via
452 374 531 403 ergo
545 363 647 404 regali
670 363 899 396 incedendum
924 372 981 403 est,
1004 377 1067 396 nec
1093 365 1196 398 decli-

67 427 220 459 nandum
243 437 385 470 usquam
409 436 521 468 neque
550 423 585 456 in
610 437 726 466 agrum
752 422 838 469 ejus,
874 437 984 468 neque
1007 425 1042 457 in
1066 424 1197 458 vineam

65 485 153 531 ejus:
176 487 212 519 id
237 496 294 526 est,
318 498 430 530 neque
456 486 498 518 ad
524 498 647 530 opera,
668 497 781 529 neque
805 486 848 517 ad
871 498 985 518 sensus
1009 486 1197 520 diabolicos

67 547 239 581 declinare
261 549 347 582 ultra
373 561 468 580 mens
492 547 644 580 fidelium
669 547 778 579 debet.
815 546 1005 590 Quomodo
1031 561 1110 590 ergo
1135 562 1197 582 vo-

67 608 179 648 lumus
212 610 295 642 fines
319 610 613 642 Amorrhaeorum
639 622 716 641 cum
749 621 834 653 pace
858 609 1026 642 transire?
1073 612 1195 643 Amor-

68 671 173 710 rhaei‚
194 671 396 711 infidelium,
421 671 479 714 qui
503 679 581 703 sunt
613 669 648 702 in
673 670 738 703 hoc
762 670 914 708 mund0,
937 671 1064 714 pars3)
1089 671 1195 716 accipi

67 741 195 774 potest:
226 733 285 765 sed
307 732 361 766 isti
383 731 663 776 interpretantur,
692 740 730 763 ut
760 744 862 776 supra
893 731 1054 771 diximus,
1086 733 1136 764 vel
1160 732 1195 764 in

68 794 343 827 amaritudinum
360 794 581 830 adducentes.
616 794 668 825 vel
698 793 889 837 loquentes.
942 792 987 824 Et
1016 795 1195 836 quomodo

46 869 47 872 ¹
68 853 206 896 quidem
227 854 262 887 in
287 853 548 887 amaritudinem
578 855 752 887 adducant
775 854 889 886 Deum
912 852 1065 887 infideles
1089 864 1121 887 et
1143 854 1197 886 in—

66 914 206 955 creduli,
229 915 437 959 expositione
458 929 530 948 non
554 915 697 956 indiget:
721 915 815 959 quod
834 925 944 948 autem
965 914 1009 947 ait
1031 917 1197 959 „loquen—

21 979 26 984 '
66 979 144 1014 tes‚“
168 978 211 1010 ad
234 977 328 1010 illam
351 986 482 1021 partem
507 977 595 1009 trahi
619 985 749 1022 potest,
784 990 850 1021 qua
881 976 1035 1009 infideles
1070 980 1196 1022 quique

66 1045 99 1069 et
121 1038 184 1070 sub
208 1039 362 1083 principe
378 1038 519 1072 diabolo
544 1048 677 1079 agentes
690 1039 786 1082 loqui
803 1047 932 1070 norunt
944 1039 1197 1077 tantummodo,

65 1099 124 1130 sed
146 1099 336 1143 loquuntur
355 1099 478 1134 inania.
532 1099 636 1132 Verbi
660 1112 768 1139 causa,
791 1109 829 1131 ut
850 1109 972 1143 poetae
997 1112 1136 1139 eorum,
1160 1109 1197 1132 ut

70 1160 249 1202 astrologi,
287 1170 324 1193 ut
354 1161 515 1193 nonnulli
547 1160 646 1193 etiam
670 1160 976 1205 philosophorum,
1003 1161 1060 1205 qui
1083 1161 1196 1194 inania

66 1221 255 1264 loquuntur
287 1230 319 1253 et
349 1235 444 1255 vana.
507 1221 677 1264 Fideljum
709 1231 821 1254 autem
852 1234 1010 1263 regnum,
1044 1223 1139 1267 quod
1178 1236 1196 1255 a

66 1281 144 1314 Deo
170 1291 227 1322 est,
250 1295 322 1314 non
346 1283 382 1315 in
404 1295 563 1316 sermone
582 1291 647 1322 est,
683 1283 742 1315 sed
772 1283 807 1315 in
838 1282 970 1318 virtute.
1029 1285 1196 1319 Volumus

67 1354 146 1383 ergo
170 1356 233 1376 nos
255 1343 398 1388 pacifice
426 1344 570 1376 transire
601 1357 663 1388 per
693 1344 880 1383 mundum,
911 1345 970 1377 sed
995 1345 1061 1376 hoc
1085 1345 1195 1390 ipsum

66 1404 169 1446 magis
192 1404 309 1438 incitat
330 1404 520 1449 principem
544 1405 683 1444 mundi,
707 1405 802 1449 quod
826 1405 985 1445 dicimus,
1016 1419 1079 1439 nos
1102 1409 1197 1440 nolle

66 1478 273 1510 permanere,
290 1479 365 1498 cum
390 1465 482 1510 ipso,
506 1479 570 1499 nec
594 1466 741 1507 morari,
774 1480 837 1500 nec
863 1466 991 1512 aliquid
1016 1466 1087 1512 ejus
1111 1470 1196 1502 velle

67 1527 278 1568 contingere:
306 1526 387 1560 inde
419 1526 523 1568 magis
561 1529 794 1567 exacerbatur,
824 1528 904 1560 inde
944 1530 1133 1569 extollitur,
1165 1540 1197 1563 et

65 1588 238 1630 irascitur,
263 1599 294 1622 et
317 1599 511 1622 commovet
532 1589 631 1623 nobis
657 1589 919 1633 persecutiones,
942 1589 1093 1635 pericula
1124 1605 1195 1624 sus—

69 1650 164 1690 citat,
194 1650 361 1683 cruciatus
390 1650 538 1684 intentat.
592 1651 638 1684 Et
660 1651 738 1684 ideo
771 1651 866 1684 dicit:
902 1653 1195 1696 ‚,congregavit‚‘²)

66 1712 195 1756 inquit,
230 1712 323 1745 Seon
349 1725 486 1745 omnem
509 1713 679 1757 populum
703 1725 821 1752 suum,
857 1721 889 1745 et
913 1713 989 1746 exiit
1013 1714 1196 1763 confligere

67 1773 224 1805 adversus
246 1773 380 1806 lsrael.“
440 1774 525 1817 Quis
555 1783 602 1808 est
634 1774 742 1807 omnis
771 1774 920 1819 populus
945 1774 1054 1817 seon,
1093 1789 1194 1820 quem

68 1834 215 1867 concitat
237 1843 356 1867 contra
379 1835 508 1868 Israel?
543 1835 716 1880 Principes
740 1849 778 1868 ac
802 1835 930 1881 judices
953 1837 1085 1877 mundi,
1110 1851 1190 1870 cun-

68 1895 179 1940 ctique
202 1897 372 1939 nequitiae
395 1896 556 1936 ministri,
589 1898 647 1941 qui
670 1897 872 1941 impugnant
894 1910 1037 1942 semper,
1061 1908 1092 1931 et
1115 1912 1192 1943 per-

68 1947 255 2000 sequuntur
286 1958 455 2002 populum
486 1957 563 1990 Dei.
617 1958 686 1991 Sed
717 1959 800 2002 quid
831 1957 910 1991 facit
932 1959 1060 1992 Israel?
1104 1960 1193 1998 „Ve-
1244 2006 1247 2010 y

162 2088 195 2133 ¹)
219 2089 279 2122 Ev.
303 2089 430 2124 Joann.
452 2090 545 2130 XIV,
567 2091 596 2125 G.

160 2144 197 2187 ²)
223 2140 343 2179 Psalm.
370 2147 509 2185 LXXH,
537 2150 563 2182 1.
589 2148 665 2192 (LX
678 2148 751 2190 ΧῙ.)

161 2201 196 2237 ³)
220 2201 282 2233 Ed.
312 2202 414 2235 Ruaei
442 2206 528 2235 sola:
555 2217 626 2245 pax.
724 2204 872 2252 ¹¹)1Nnm
911 2206 1003 2243 XXl,
1027 2207 1076 2239 23.
