1427 2460
387 84 427 109 m
449 75 634 110 Nummos
659 73 818 108 HoMmA
840 74 880 108 V.
1156 76 1200 109 45

71 166 356 201 meridiano.non
380 165 611 205 salvatorem,
642 165 736 206 quod
760 163 846 197 absit
868 177 886 196 a
909 163 1009 197 nohis
1031 163 1077 197 ita
1101 163 1200 196 intel-

70 229 181 270 ligere,
205 230 263 262 sed
288 239 424 260 omnem
448 225 585 271 justum.
631 226 720 259 Justi
744 225 836 258 enim
856 234 945 266 sunt,
969 225 1027 269 qui
1049 225 1202 267 indigent

67 290 243 336 ‘adjutorio
268 289 465 330 angelorum
491 286 577 327 Dei,
603 286 651 319 uti
674 298 718 319 ne
742 299 760 318 a
786 286 1009 320 daemonibus
1033 288 1201 330 subruan-

72 360 142 390 tur,
173 359 204 383 et
226 363 270 388 ne
294 351 399 382 corda
429 362 550 382 eorum
581 347 696 390 sagitta
720 349 856 381 volante
885 348 921 381 in
945 348 1091 382 tenebris
1114 357 1201 381 tere-

70 413 220 445 brentur.
275 411 342 443 Per
365 411 456 455 ipsos
487 410 623 451 angelos
654 409 717 441 sub
742 410 865 442 eodem
889 409 1048 455 mysterio
1073 410 1201 443 Paulus

69 474 257 523 ponendos
282 484 349 506 esse
374 472 541 516 quosdam
567 470 745 503 confirmat
778 470 814 502 in
838 470 1006 510 nubibus,
1038 484 1116 503 cum
1150 470 1202 502 di-

72 533 132 567 cit:
157 534 237 573 „sed
252 532 285 577 ¹)
311 542 343 565 et
366 546 429 565 nos
461 532 519 576 qui
544 532 699 572 vivimus,
724 531 782 575 qui
806 531 929 575 reliqui
953 545 1079 571 sumus,
1102 530 1203 563 simul

72 609 149 628 cum
173 595 236 628 illis
260 594 434 638 rapiemur
457 595 492 626 in
527 593 677 626 nubibus
710 592 846 625 obviam
873 592 1008 626 Christo
1032 592 1068 625 in
1093 597 1202 625 ai?ra.“

70 656 264 701 Rapiuntur
287 657 432 697 ergo·ab
457 654 581 697 angelis
608 654 650 694 ii,
683 655 740 698 qui
764 653 896 698 penitus
929 654 1072 698 purgati,
1097 664 1129 687 et
1152 655 1201 686 le-

71 731 125 751 ves
149 717 259 751 effecti
282 726 358 750 sunt
382 729 399 749 a
424 714 564 749 delictis.
618 714 802 749 Portantur
825 729 904 748 vero
929 714 970 755 ii,
995 715 1054 759 qui
1079 715 1202 760 aliqui-

70 781 133 813 bus
157 780 268 812 adhuc
292 777 440 822 reliquiis
465 786 735 822 praegravantur.
775 776 962 809 Portantur
977 789 1056 809 vero
1084 786 1116 810 et
1140 790 1200 809 co-

69 842 206 873 lumnae
228 840 437 872 tabernaculi
461 851 479 871 a
505 838 719 883 quibusdam,
745 847 777 871 et
800 838 892 878 atria,
917 848 948 871 et
970 848 1091 878 cetera,
1116 851 1203 883 quae

71 917 89 936 a
114 902 288 946 Scriptura
311 901 514 934 reseruntur.
567 900 755 932 Portantur
789 908 900 932 autem
931 913 1004 932 non
1027 901 1070 932 ab
1096 900 1202 933 Israe-

70 963 153 1004 litis,
190 965 249 997 sed
276 978 294 997 a
326 962 465 1002 Levitis,
499 963 686 994 secundum
722 962 814 994 hunc
844 974 996 1002 sensum,
1033 975 1134 1006 quem
1166 962 1203 994 iu

69 1027 264 1059 transcursu
287 1025 442 1058 videmur
464 1023 558 1056 brevi
572 1023 608 1066 ²)
634 1024 824 1064 contigisse,
847 1024 1075 1068 relinquentes
1099 1022 1204 1057 sensi-

68 1089 133 1121 bus
157 1087 361 1126 auditorum,
386 1095 432 1125 ut,
461 1086 487 1118 si
511 1084 583 1129 quis
609 1085 650 1117 de
665 1083 702 1128 3)
734 1084 771 1117 iis
795 1083 927 1129 majore
951 1085 1117 1118 desiderio
1141 1085 1203 1117 ssa-

72 1149 223 1191 graverit,
246 1149 411 1180 accendat
433 1147 497 1179 sibi
520 1147 638 1178 lumen
663 1146 837 1187 scientiae,
865 1155 896 1178 et
918 1145 1050 1192 majora
1074 1147 1201 1179 horum

73 1210 173 1242 oculo
199 1208 444 1253 perspicaciore
469 1207 636 1252 conjiciat.
683 1208 792 1240 Nobis
817 1217 928 1241 autem
948 1208 1201 1241 concedatDo-

72 1270 194 1310 minus,
218 1280 256 1302 ut
281 1283 298 1302 a
322 1268 444 1302 talibus
469 1268 632 1325 operariis
656 1269 800 1313 portati,
827 1278 859 1301 et
882 1268 1055 1309 sublevati,
1079 1269 1202 1302 libere-

71 1344 149 1363 mur
173 1339 204 1363 ct
227 1331 452 1363 defendamur
476 1342 495 1362 a
527 1329 642 1370 sagitta
674 1331 809 1363 volante
839 1330 875 1362 in
910 1331 1074 1370 tenebris,
1121 1341 1153 1363 et
1184 1345 1203 1364 a

69 1392 185 1432 ruina,
221 1401 254 1425 et
284 1391 466 1425 daemonio
491 1390 700 1432 meridiano,
736 1404 780 1423 ne
807 1393 894 1424 forte
918 1393 1135 1424 offendamus
1159 1393 1203 1424 ad

69 1453 218 1498 lapidem
244 1455 368 1498 pedem
392 1463 564 1492 nostrum,
597 1465 704 1496 usque
728 1466 797 1497 quo
822 1452 1058 1496 perveniamus
1083 1454 1126 1486 acl
1149 1453 1203 1484 lo-

71 1528 149 1548 cum
173 1515 444 1560 repromissionis
476 1524 689 1553 sanctorum,
719 1528 781 1558 per
814 1513 984 1547 Christum
1010 1515 1202 1548 Dominum

69 1585 235 1617 nostrum,
260 1576 314 1609 cui
339 1586 386 1610 est
409 1577 523 1610 honor
547 1585 579 1610 et
591 1576 627 1621 ⁴)
662 1575 845 1621 imperium
871 1576 906 1609 in
930 1577 1063 1610 saecula
1085 1589 1202 1611 saecu-

70 1637 194 1671 lorum.
242 1640 362 1676 Amen.

166 1770 201 1816 ¹)
228 1771 243 1802 Ι
268 1772 383 1805 Thess.
406 1773 464 1814 IV,
489 1775 540 1808 15.
567 1775 619 1809 17.

165 1826 201 1870 ²)
225 1826 314 1861 Edd.
337 1828 492 1862 Merlini:
518 1831 673 1863 breviter.

165 1882 203 1926 ³)
229 1882 316 1916 Edd.
340 1884 498 1918 Merlini:
525 1888 566 1919 de
590 1886 649 1919 his.

165 1936 201 1981 α>
226 1938 266 1970 ln
301 1939 440 1981 vulgatis
473 1941 679 1975 editionibus
716 1941 764 1986 (V.
802 1953 829 1974 c.
861 1940 937 1972 edd.
978 1937 1047 1982 BT.)
1084 1938 1205 1970 desunt

71 1983 188 2015 verba:
219 1992 274 2023 „et
308 1983 528 2029 imperium,“
566 1999 653 2032 quae
693 1987 894 2030 supplentur
926 1997 944 2017 e
980 1983 1067 2017 Cod.
1099 1983 1205 2016 sancti

72 2026 290 2063 Theoderici.
317 2029 357 2063 R.
