1427 2460
205 70 273 106 236
687 71 863 105 Omessms

295 163 327 196 2.
351 161 453 194 Hune
484 174 563 202 ergo
597 162 760 195 Amalech
794 148 917 198 videns*
937 160 1079 195 Balaam
1111 161 1198 195 filius
1231 162 1334 203 Beer,

207 226 313 257 homo
340 237 422 256 vere
447 222 578 262 videns,
609 232 640 255 et
664 223 802 257 audiens
828 224 927 256 verba
951 223 1038 265 Dei,
1065 223 1123 269 qui
1144 224 1206 258 scit
1228 224 1335 258 scien-

206 288 285 320 tiam
312 283 447 324 excelsi,
472 294 503 317 et
527 284 670 318 visiones
693 285 761 318 Dei
785 284 891 325 videt,
917 295 1054 331 accepta
1078 286 1242 331 parabola
1266 300 1337 327 sua,

206 349 290 381 sicut
312 346 393 379 etin
409 345 581 391 prioribus
593 345 779 379 visionibus
795 347 955 391 scriptum
973 358 1030 388 est,
1053 348 1115 381 ait:
1139 347 1336 392 ‚,initium¹)

205 410 355 452 gentium
380 407 565 447 Amalech,
596 416 629 440 et
652 421 765 441 semen
790 422 910 442 eorum
934 409 1095 454 peribit.“
1143 409 1251 454 Quod
1275 410 1337 443 ait:

205 471 359 512 „initium
375 471 524 512 gentium
538 470 748 504 Amalech:“
777 480 905 504 certum
932 481 988 511 est,
1013 471 1090 516 quia
1113 472 1210 504 nullo
1234 481 1335 517 pacto

207 535 249 567 ad
270 533 378 573 illum,
403 531 461 576 qui
484 541 565 564 tunc
589 541 661 564 erat
682 531 717 565 in
744 545 845 565 carne
868 533 1043 574 Amalech,
1069 532 1188 565 referri
1211 532 1333 577 possit:

203 608 314 640 neque
339 594 428 627 enim
452 593 582 638 primus
607 603 678 626 erat
701 593 906 638 antiquitatis
931 593 1078 635 origine:
1101 595 1160 628 sed
1185 595 1228 627 ad
1252 593 1338 627 invi-

205 657 337 690 sibilem
362 656 525 689 Amalech
550 655 670 688 melius
695 657 849 696 refertur,
875 656 933 700 qui
957 670 974 688 a
1000 655 1204 689 declinando
1222 669 1336 700 popu-

203 720 255 752 los
280 733 297 751 a
322 719 417 757 Deo,
441 727 473 750 et
495 716 650 750 faciendo
678 717 831 751 Gentiles
855 731 893 751 ex
917 717 983 750 Dei
1009 716 1207 758 cultoribus,
1232 718 1337 751 Ama-

203 781 280 813 lech
302 780 510 812 nominatur.
556 778 600 812 Et
629 779 708 812 ideo
741 789 831 812 recte
860 778 994 812 inin‘um
1024 778 1173 820 gentium
1205 777 1336 818 dicitur,

205 841 299 886 quasi
322 841 394 875 talis
420 838 588 885 {uaedam
614 841 718 874 virtus
744 841 929 880 contraria,
954 854 1042 886 quae
1065 840 1176 885 prima
1198 839 1333 874 initium

204 903 345 943 dederit,
369 912 408 936 ut
430 903 585 937 homines
612 902 761 935 Gentiles
786 904 916 943 fierent,
940 902 1105 935 mutando
1129 901 1335 947 „gloriam²)

202 964 470 1009 incorruptibilis
494 965 561 997 Dei
584 964 619 996 in
642 964 897 997 similitudinem
928 963 1080 1006 imaginis
1105 963 1335 1009 corruptibilis

205 1027 371 1068 hominis,
398 1036 428 1059 et
452 1027 653 1065 volucrum,
685 1036 717 1058 et
740 1028 929 1071 pecudum,
963 1036 994 1059 et
1017 1025 1269 1070 serpentium‚“
1302 1035 1335 1059 et

202 1088 380 1121 serviendo
414 1097 618 1126 „creaturae
635 1087 672 1131 3)
705 1087 818 1132 potius
856 1101 957 1132 quam
1001 1088 1183 1121 creatori.‘⁴
1240 1087 1336 1132 Sicut

202 1151 292 1183 enim
324 1150 359 1182 in
383 1149 516 1194 populo
542 1148 609 1181 Dei
637 1149 799 1193 scriptum
825 1159 871 1182 est
894 1149 1026 1188 initium
1050 1149 1219 1190 Christus,
1245 1150 1292 1182 sic
1317 1163 1334 1182 e

203 1211 375 1244 contrario
399 1211 433 1242 in
458 1210 603 1255 populo,
630 1211 686 1255 qui
712 1210 858 1244 declinat
884 1225 900 1244 a
925 1211 1014 1251 Deo,
1038 1220 1070 1244 et
1095 1210 1238 1244 Gemilis
1261 1211 1334 1244 effi-

202 1272 297 1312 citur,
320 1271 453 1304 initium
479 1281 527 1305 est
550 1273 723 1306 Amalech.
757 1273 823 1315 „Et
835 1272 871 1318 ⁴)
894 1286 1009 1307 semen
1035 1286 1153 1306 eorum
1179 1272 1335 1317 peribit:ss

203 1335 328 1367 Semen
353 1347 472 1366 eorum
499 1343 546 1366 cst
569 1334 760 1377 persuasio,
795 1344 829 1366 ct
852 1334 1025 1374 doctrina,
1052 1347 1118 1379 qua
1143 1334 1333 1367 docuerunt

200 1396 356 1429 homines
380 1395 550 1428 declinare
573 1408 589 1426 a
616 1395 705 1427 Deo.
753 1396 846 1428 Istud
878 1409 956 1437 ergo
981 1408 1096 1428 semen
1122 1397 1267 1436 malum,
1301 1406 1333 1429 et

201 1457 355 1490 doctrina
379 1457 533 1501 pessima,
558 1469 631 1488 non
654 1456 728 1501 ipsi,
752 1456 787 1489 in
811 1457 934 1501 quibus
957 1457 1158 1490 seminatum
1184 1466 1250 1497 est,
1272 1471 1332 1503 pe—

199 1519 325 1552 ribunt.
372 1518 441 1563 Ipsi
466 1517 555 1550 enim
582 1531 658 1550 cum
687 1520 837 1551 conversi
860 1517 1095 1559 ingemuerint,
1118 1518 1199 1552 salvi
1224 1529 1331 1553 erunt.

200 1580 244 1613 Et
266 1580 354 1620 vide,
377 1579 403 1612 si
426 1592 498 1611 non
522 1581 596 1614 talis
621 1579 785 1624 expositio
812 1579 911 1612 etiam
935 1579 999 1613 illis
1013 1579 1255 1614 convenienter
1268 1577 1350 1615 ob—>

200 1641 308 1683 sistet,
339 1641 398 1686 qui
422 1640 535 1674 Deum
562 1641 640 1683 legis
664 1641 754 1674 velut
778 1641 923 1674 duritiae
947 1650 979 1674 et
1004 1642 1208 1676 crudelitatis
1232 1656 1332 1676 accu-

201 1714 285 1744 sant,
309 1701 367 1747 qui
390 1715 462 1735 non
486 1704 595 1736 solum
622 1713 755 1744 gentem
780 1703 960 1743 Amalech,
983 1704 1043 1736 sed
1067 1713 1098 1736 et
1121 1717 1235 1737 semen
1261 1703 1332 1750 ejus

200 1765 399 1810 pronuntiet
432 1764 640 1808 periturum:
680 1779 758 1798 cum
788 1757 866 1807 gens
897 1765 1035 1810 quidem
1073 1767 1117 1799 ad
1146 1765 1332 1810 spirituales

200 1825 365 1871 nequitias
390 1827 570 1867 reseratur,
603 1841 718 1860 semen
743 1841 822 1860 vero
849 1825 918 1873 ejus
942 1827 1098 1860 doctrina
1122 1827 1330 1872 superstitio-

200 1902 282 1922 num
309 1887 515 1927 Gentilium,
552 1897 583 1920 et
608 1890 716 1922 cultus
740 1889 936 1927 idolorum,
966 1898 1068 1933 atque
1098 1888 1208 1922 omnis
1233 1898 1332 1929 secta,

199 1962 286 1994 quae
309 1964 326 1981 a
352 1949 428 1982 Deo
454 1951 622 1994 populum
651 1951 821 1984 declinare
844 1951 972 1991 suadet,
998 1960 1195 1995 exponatur.

288 2012 320 2046 3.
346 2010 607 2045 Commemorat
629 2022 739 2046 autem
771 2012 951 2058 prophetia
983 2021 1060 2057 post
1084 2012 1248 2046 Amalech
1273 2010 1330 2046 Ci-

293 2206 326 2250 ι)
349 2207 451 2240 Num.
476 2206 603 2246 xxiv,
626 2208 679 2241 20.
820 2208 857 2251 2)
881 2204 983 2240 Romu
1008 2207 1034 2247 1,
1055 2207 1108 2241 23.

290 2262 326 2306 3)
350 2262 451 2295 Rom.
475 2262 500 2301 l,
524 2263 580 2297 25.
818 2263 854 2306 ⁴>
879 2263 981 2296 Num.
1004 2261 1133 2302 xxw,
1155 2263 1210 2296 20.
