1427 2460
203 60 270 96 188
682 63 858 97 Onu-‚ems

203 151 282 197 quia
313 152 575 194 negligentibus,
620 162 652 185 et
690 153 959 186 contemtoribus
994 153 1053 186 illa
1087 153 1335 193 confirmanda,

202 215 286 248 haec
311 227 390 246 vero
416 226 433 245 a
457 213 717 257 perfectioribus
741 213 899 247 secretius
925 214 1127 246 advertenda
1151 212 1253 247 sunt?

292 278 322 309 5.
348 274 415 308 Sed
440 282 519 319 post
540 274 624 307 haec
647 273 807 307 Balaam:
833 275 983 320 „ecce,¹)
1007 274 1127 320 inquit,
1161 277 1203 308 ad
1228 276 1332 309 bene-

202 337 386 371 dicendum
419 344 584 369 assumtus
613 349 707 369 sum:
753 336 971 377 benedicam,
1018 346 1049 369 et
1080 349 1151 369 non
1186 346 1333 370 avertam

202 404 309 433 eam.“
357 398 411 431 Ad
443 397 717 430 benedicendum
742 395 883 431 Balaam
916 407 1078 432 assumtus
1112 407 1177 438 est,
1212 412 1285 432 non
1315 412 1334 432 a

201 461 350 500 Balach,
373 461 431 494 sed
457 473 475 492 a
499 459 596 498 Deo,
623 458 681 503 qui
711 458 827 504 injecit
858 461 998 493 verbum
1022 460 1056 493 in
1083 474 1119 494 os
1144 459 1232 506 ejus,
1265 473 1334 505 quo

199 523 369 568 populum
393 519 628 561 benediceret,
653 529 684 553 et
707 521 795 554 hauc
818 521 1093 554 benedictionem
1117 535 1189 555 non
1206 520 1332 555 avertit.

200 585 272 617 Nec
311 583 401 616 enim
433 591 562 626 potest,
597 581 725 615 etiamsi
759 582 856 622 velit,
891 584 1031 616 verbum
1073 583 1141 617 Dei
1183 583 1332 616 humana

199 646 312 687 lingua
328 653 534 677 convertere.
583 640 666 676 Post
690 643 789 676 haec:
815 657 906 684 „non
921 645 958 689 ²)
983 644 1063 684 erit,
1085 645 1212 690 inquit,
1235 645 1334 678 labor

200 708 235 740 in
268 707 397 745 Jacob,
420 718 532 750 neque
561 705 731 738 videbitur
764 706 867 739 dolor
897 705 932 738 in
965 706 1100 740 lsrael.“
1147 707 1275 752 Aperte
1297 705 1332 740 in

200 770 268 803 istis
298 766 512 802 sermonibus
543 768 678 800 futurae
710 768 796 801 vitae
836 768 1014 800 denuntiat
1049 777 1181 801 statum.
1248 767 1333 812 Quis

201 832 289 864 enim
316 839 379 870 est,
404 829 461 874 qui
486 829 574 862 hanc
597 829 698 862 vitam
724 830 796 863 siue
819 829 939 862 labore
964 839 995 862 et
1021 831 1143 863 dolore
1163 839 1332 863 transcur-

200 892 274 926 rat?
323 893 394 925 Nec
420 891 445 924 si
470 890 589 924 Petrus
614 890 743 935 aliquis,
768 900 825 923 aut
848 890 874 923 si
894 890 1019 924 Paulus
1041 891 1091 925 sit.
1139 890 1332 935 Quomodo

199 969 270 988 non
301 955 336 988 in
368 953 489 986 labore
514 961 545 984 et
569 953 693 985 dolore
718 961 782 991 est,
818 965 894 985 cum
920 962 970 985 ter
994 952 1090 994 virgis
1115 952 1332 997 caeditur,³)

200 1016 304 1050 semel
328 1015 512 1059 lapidatur,
548 1023 598 1046 ter
627 1014 841 1055 naufragium
867 1014 963 1054 facit,
998 1015 1034 1047 in
1057 1015 1234 1059 profundo
1259 1029 1332 1048 ma-

199 1078 242 1112 ris
268 1076 322 1110 die
347 1090 384 1109 ac
408 1086 511 1109 nocte
536 1085 599 1115 est,
624 1075 767 1130 ⁸aliaque
798 1077 975 1109 innumera
1000 1077 1206 1121 perpetitur,
1245 1090 1331 1122 quae

200 1142 243 1172 de
271 1138 449 1171 laboribus
480 1137 546 1171 suis
577 1150 616 1170 ac
650 1138 828 1170 doloribus
861 1137 999 1171 scribit?
1058 1139 1126 1171 Sed
1160 1138 1208 1171 ibi
1240 1139 1328 1172 istud

199 1199 441 1246 complebitur,
480 1199 540 1231 ubi
565 1198 693 1232 dictum
719 1209 779 1233 est:
813 1200 981 1242 „aufugiet
996 1199 1028 1242 ¹²)
1062 1200 1182 1240 dolor,
1218 1208 1250 1233 et.
1272 1201 1331 1233 tri-

198 1264 302 1302 stitia,
327 1272 356 1296 et
381 1261 555 1304 gemitus.“
603 1260 708 1304 Q'uod
734 1271 846 1294 tamen
873 1275 944 1294 non
968 1262 1010 1294 ad
1037 1275 1156 1295 omnes
1204 1262 1263 1295 sed
1288 1263 1328 1294 ad

199 1339 256 1358 eos
279 1332 430 1362 tantum,
456 1322 512 1365 qui
537 1321 663 1355 meritis
687 1322 798 1355 Jacob
825 1333 855 1355 et
872 1323 971 1357 Israel
996 1322 1141 1362 fuerint,
1167 1324 1328 1356 refertur:

198 1396 235 1420 ut
258 1385 322 1418 suit
352 1384 410 1417 ille
440 1396 573 1427 pauper
603 1383 766 1425 Lazarus,
800 1385 857 1428 qui
882 1394 1091 1428 praesentem
1118 1384 1255 1428 quidem
1281 1384 1329 1416 vi-

196 1459 266 1481 tam
290 1447 325 1479 in
349 1446 468 1479 labore
492 1457 530 1476 ac
556 1444 677 1477 dolore
700 1446 873 1488 transegit3
907 1446 955 1478 ibi
987 1457 1097 1479 autem
1130 1445 1254 1480 dicitur
1285 1448 1328 1479 ad

197 1509 352 1544 divitem:
379 1505 619 1549 „mement05)
643 1506 705 1545 fili,
743 1506 819 1551 quia
845 1517 880 1540 tu
906 1507 1059 1552 recepisti
1084 1509 1175 1540 bona
1200 1507 1234 1540 in
1260 1509 1324 1541 vita

196 1582 269 1611 tua,
294 1579 326 1603 et
349 1570 491 1602 Lazarus
516 1568 667 1601 similiter
691 1569 789 1601 mala.
838 1569 938 1601 Nunc
963 1579 1074 1602 autem
1106 1569 1160 1602 hic
1192 1570 1324 1614 requie-

197 1634 269 1672 scit,
295 1642 329 1665 tu
347 1644 425 1664 vero
452 1628 645 1663 cruciaris.“
694 1630 753 1662 Ille
770 1643 848 1671 ergo
875 1640 922 1664 est
949 1632 1062 1671 Israel,
1087 1640 1117 1663 et
1140 1631 1264 1671 Jacob,
1289 1632 1323 1665 in

196 1708 298 1740 quem
332 1707 404 1726 non
440 1691 532 1724 venit
556 1691 671 1731 labor,
697 1701 725 1724 et
751 1692 861 1725 dolor.
910 1692 1012 1726 Dives
1036 1702 1146 1726 autem
1173 1693 1231 1727 ille
1256 1705 1326 1728 erat
1347 1727 1351 1731 ,

196 1757 335 1801 quidem
361 1764 393 1787 et
415 1753 488 1798 ipse
511 1755 698 1786 secundum
726 1768 862 1787 carnem
887 1755 1005 1788 lsrael:
1038 1755 1162 1788 dicitur
1174 1755 1211 1800 ⁶)
1234 1757 1323 1790 enim

196 1819 235 1857 ei,
261 1818 338 1862 quia
361 1817 479 1849 fratres
498 1814 549 1848 sui
572 1816 797 1857 habentleges
813 1826 843 1848 et
858 1818 1051 1861 prophetas,
1076 1817 1216 1850 audiant
1230 1817 1323 1852 illos:

193 1881 251 1913 sed
279 1878 356 1923 quia
381 1890 451 1910 non
488 1886 558 1909 erat
581 1878 769 1910 secundum
795 1878 951 1922 spiritum
977 1879 1095 1919 lsrael,
1131 1877 1209 1912 ideo
1234 1880 1323 1913 venit

193 1954 295 1985 super
318 1940 413 1973 illum
441 1938 542 1971 labor
567 1948 598 1971 et
622 1939 733 1971 dolor.

291 2023 323 2067 ¹)
349 2024 450 2054 Num.
470 2022 722 2063 XX111‚20.—
748 2022 837 2056 Edd.
854 2023 993 2058 Merlini
1009 2024 1113 2057 male:
1139 2025 1322 2059 advertam.

283 2079 321 2122 2)
345 2079 446 2111 Num.
472 2078 601 2119 XXIII,
626 2079 680 2112 21.

285 2136 322 2177 ³)
349 2134 418 2167 Cfr.
444 2133 474 2164 ll
502 2132 582 2167 Cor.
607 2135 666 2174 Xl,
690 2136 745 2170 25.
770 2149 860 2180 seqq.

286 2190 322 2233 ¹²)
346 2190 445 2225 Jesai.
471 2189 616 2229 XXXV,
643 2192 694 2225 10.
901 2192 936 2235 ⁵)
960 2192 1040 2225 Luc.
1066 2191 1156 2232 XVl‚
1180 2193 1232 2226 25.

286 2247 322 2291 ⁶)
348 2246 416 2279 Csr.
441 2246 521 2278 Luc.
546 2245 637 2286 XVl‚
661 2246 714 2281 29.

1407 1667 1423 1782 '‘staec-³„
1417 1641 1419 1646 .
1417 1592 1419 1614 ᾼ-

1420 1987 1425 1993 „
1419 1971 1425 1980 ἶ
1417 1936 1425 1960 m
1408 1846 1425 1920 ζμ
1411 1788 1423 1839 Ab„
