1427 2460
202 98 246 132 10
440 97 615 132 Omonxis
638 107 675 131 m
699 98 877 133 Nummos
901 97 1094 133 HommAe.

201 188 324 234 posito,
349 201 434 232 quae
458 201 527 221 csse
552 190 593 221 ad
618 188 834 222 scribendum
854 189 1010 223 securitas
1031 191 1154 235 potuit,
1179 200 1210 224 ct
1233 204 1333 236 prae-

203 251 302 295 cipue
328 251 370 283 ad
394 250 708 294 interpretandum,
744 251 803 284 ubi
829 264 902 284 non
926 251 969 284 ita
994 252 1153 297 proprios
1179 254 1335 298 expedire

201 326 335 352 sensus,
380 319 417 343 ut
448 311 578 344 alienos
611 321 727 356 aptare
758 312 988 357 proponitur?
1034 314 1165 348 Tamen
1195 315 1221 348 si
1247 328 1342 360 quae-

199 388 268 408 nox
303 373 435 407 animos
465 373 601 405 minore
640 382 732 406 metu
769 374 898 406 hostilis
931 375 1100 409 concussit
1132 376 1268 417 excidii,
1303 385 1335 409 et

198 439 301 470 breve
325 435 441 470 saltem
476 434 681 468 lucubrandi
707 434 812 467 otium
839 437 948 476 dedit,
979 438 1072 482 quasi
1104 439 1147 471 ad
1178 439 1334 471 solamen

198 500 382 538 malorum,
405 498 636 541 levandaeque
659 497 939 540 peregrinationis
963 500 1087 540 gratia,
1111 512 1335 544 quaecunque

197 561 235 593 in
257 561 490 593 Numerorum
513 559 614 598 libro,
637 558 703 592 sive
729 558 925 592 homiletico
951 560 1048 601 stilo,
1079 561 1146 594 sive
1172 561 1271 594 etiam
1296 574 1335 594 ex

197 622 260 661 his,
285 635 371 666 quae
395 620 562 665 Excerpta
587 621 820 665 appellantur,
852 622 975 666 scripta
999 621 1203 666 reperimus,
1239 623 1334 663 haec,

196 693 399 729 perurgente
414 693 464 722 ·te,
489 683 663 722 Romana,
685 692 724 715 ut
747 682 942 727 potuimus,
965 697 1050 717 voce
1075 697 1112 717 ex
1138 683 1273 718 diversis
1297 685 1334 717 in

197 760 307 780 unum
340 745 497 778 ordinem
531 745 675 778 collecta
710 744 922 786 digessimus,
956 754 989 778 te
1025 759 1162 791 quoque
1194 746 1268 791 ipso
1297 745 1335 779 in

198 821 301 852 quam
324 807 478 853 plurimis
502 805 654 852 juvante,
685 806 822 846 Ursaci,
856 817 1011 841 nostrum
1043 809 1216 848 laborem,
1251 808 1335 841 dum

195 871 294 902 nimis
321 868 475 913 cupidus,
499 868 635 913 pueruli
658 867 784 901 notarii
808 871 944 902 tardum
969 880 1067 914 putas
1093 883 1161 904 esse
1184 869 1335 904 ministe-

196 931 296 964 rium.
345 931 442 964 Scire
466 940 579 963 tamen
603 940 637 963 te
659 931 751 971 volo,
776 932 889 972 frater,
914 933 1008 976 quod
1030 932 1113 965 haec
1140 931 1240 965 lectio
1264 931 1334 965 vias

197 995 336 1038 quidem
361 992 491 1037 aperiat
513 992 767 1034 intelligentiae,
801 1006 872 1026 non
897 1003 1011 1026 tamen
1033 994 1224 1036 singillatim
1250 1007 1336 1027 cun-

197 1065 257 1094 cta,
283 1068 369 1099 quae
392 1057 516 1099 scripta
539 1064 627 1095 sunt,
654 1055 808 1096 disserat,
833 1065 871 1088 ut
893 1055 929 1088 in
953 1055 1217 1100 explicationum
1239 1054 1334 1088 libris

195 1117 319 1159 legisti3
353 1130 421 1162 quo
453 1116 581 1150 scilicet
613 1115 715 1150 ctiam
746 1118 854 1149 lector
891 1131 964 1150 non
998 1118 1163 1151 reddatur
1197 1117 1334 1161 otiosus,

194 1181 252 1212 sed
277 1187 406 1222 pungat
442 1191 504 1211 cor
535 1192 652 1216 suum,
688 1177 773 1211 sicut
804 1178 969 1223 scriptum
1000 1189 1064 1220 est,
1099 1188 1131 1212 et
1164 1180 1336 1224 producat

194 1255 346 1279 sensum,
380 1249 411 1272 et
435 1239 552 1273 audito
576 1240 682 1273 verbo
707 1240 822 1280 bon0,
847 1250 885 1273 ut
908 1241 1041 1286 sapiens
1066 1239 1202 1287 adjiciat
1225 1241 1270 1284 ad
1292 1240 1334 1274 il-
1361 1282 1367 1287 Ι

195 1304 265 1336 lud.
313 1303 416 1344 Igitur
439 1311 476 1334 ut
490 1315 640 1346 possum,
655 1315 742 1347 quae
762 1302 944 1346 injunxisti,
967 1303 1134 1347 explicare
1149 1294 1333 1335 contendo.

195 1367 273 1398 Jam
301 1365 390 1398 enim
417 1378 455 1397 ex
478 1363 648 1403 omnibus,
672 1376 760 1408 quae
783 1364 817 1396 in
842 1365 914 1406 lege
932 1365 1056 1409 scripta
1080 1364 1203 1408 reperi,
1227 1364 1332 1404 solae,

193 1436 232 1459 ut
255 1437 350 1471 puto,
376 1426 412 1459 in
435 1425 750 1458 Deuteronomium
777 1427 898 1459 desunt
922 1425 1166 1465 oratiunculae,
1190 1438 1283 1470 quas,
1305 1424 1334 1458 si

195 1488 366 1522 Dominus
383 1487 512 1532 juverit,
539 1496 570 1520 et
593 1488 768 1521 sanitatem
794 1487 929 1522 dederit
955 1488 1074 1528 oculis,
1099 1486 1256 1532 cupimus
1279 1499 1334 1520 re-

193 1553 289 1596 liquo
315 1550 455 1596 corpori
478 1548 626 1583 sociare:
653 1550 803 1594 quamvis
829 1539 1083 1584 amantissimus¹
1101 1549 1189 1582 filius
1213 1557 1332 1582 noster

191 1615 373 1653 Pinianus,
406 1612 500 1659 cujus
530 1610 725 1652 religiosum
749 1622 884 1644 coetum
915 1625 980 1656 pro
1007 1625 1124 1645 amore
1146 1610 1334 1655 pudicitiae

193 1678 377 1721 profugum
403 1674 626 1713 comitamur,
655 1672 810 1719 injungat
835 1683 866 1706 et
890 1674 964 1707 alia.
1019 1674 1088 1708 Sed
1114 1682 1209 1706 orate
1235 1685 1330 1706 com—

192 1739 352 1777 muniter,
375 1747 412 1770 ut
435 1735 520 1769 adsit
542 1735 732 1775 Dominus,
757 1744 788 1768 et
812 1735 1024 1780 temporibus
1048 1748 1168 1780 pacem
1192 1724 1330 1774 trib'uat,

194 1802 333 1843 gratiam
356 1797 594 1832 laborantibus
619 1799 742 1836 donet,
777 1806 809 1829 ct
839 1798 989 1830 fructum
1027 1797 1140 1842 operis
1163 1795 1272 1830 nostri
1293 1796 1329 1829 in

193 1864 387 1908 profectum
411 1860 595 1903 legentium
618 1868 764 1905 promat.
779 1859 813 1904 ¹)

288 1998 323 2040 ¹)
351 1997 438 2032 Cod.
462 1995 674 2029 Belvacensis
698 2005 730 2028 et
754 1996 838 2029 alter
861 1994 967 2029 sancti
986 1993 1215 2028 Theudorici:
1238 2005 1326 2039 „po—

192 2049 278 2078 nat.“
303 2043 343 2076 R.
