1427 2460
217 38 283 72 174
671 70 674 73 ,
699 37 878 72 ORIGEMS

305 129 337 163 3.
362 128 419 162 Ait
443 141 542 170 ergo:
566 127 671 172 „quid
685 126 720 172 ¹)
744 127 964 167 maledicam,
984 140 1094 173 -quem
1116 141 1191 163 nou
1210 131 1354 164 ,maledi-

217 191 261 224 cit
284 189 479 224 Dominus?
528 190 596 222 Aut
619 188 701 234 quid
724 189 1048 235 supermaledicam,
1075 202 1179 235 quem
1201 203 1276 224 non
1297 205 1354 226 su-

215 251 452 298 permaledicit
475 249 694 284 Dominus?“
749 251 1100 296 „Supermaledicit‚“
1129 265 1194 287 nos
1217 266 1355 298 praesu-

216 315 340 347 mimus
372 314 561 347 secundum
594 311 717 346 Graeci
749 312 915 346 sermonis
949 313 1135 355 rationem,
1169 314 1237 348 vim
1261 315 1355 349 verbi

216 376 394 409 ostendere
417 389 455 408 ex
478 372 785 420 praepositioni-5²)
817 384 997 415 augmento
1030 370 1213 420 cupient’es.
1259 375 1356 420 Quid

216 451 294 480 ergo
327 437 501 471 dicemus?
548 437 659 470 Jacob
692 436 834 481 quidem
865 449 938 470 non
966 437 1141 471 maledicit
1172 437 1355 479 Dominus,

215 512 276 532 nec
302 499 422 539 Israel,
446 500 504 532 sed
529 498 584 532 alii
609 508 706 543 putas
730 495 831 531 alicui
852 499 1047 533 maledicit?
1091 499 1249 541 Legimus
1272 513 1354 533 scri-

215 571 333 605 ptum,
365 560 443 605 quia
469 560 549 594 dicit
580 559 752 593 Dominus
777 561 819 593 ad
843 570 1051 605 serpentem:
1084 561 1353 605 ‚‚maledictus³)

214 632 250 655 tu
275 623 310 655 in
336 621 496 655 omnibus
521 622 645 655 bestiis'
660 627 801 655 terrae.“
837 621 881 655 Et
895 617 1018 656 iteriim
1039 623 1082 655 ad
1103 623 1233 656 Adam:
1259 636 1353 663 „ma-

214 685 336 717 ledicta
347 683 384 728 4)
408 693 496 716 terra
521 685 557 718 in
571 683 607 728 ⁵)
631 684 794 729 operibus
818 683 914 717 tuis.“
970 684 1040 718 Sed
1064 693 1096 717 et
1121 684 1226 719 Cain:
1251 684 1354 729 ηαδ)

213 759 307 779 nunc
330 745 530 778 maledictus
553 755 589 779 tu
615 759 633 779 a
657 755 756 788 terra,
783 758 869 790 quae
893 746 1025 790 aperuit
1050 760 1087 780 os
1105 760 1215 787 suum,
1239 757 1277 781 ut
1298 760 1352 781 re-

216 807 343 852 ciperet
365 807 562 850 sanguinem
586 808 696 842 fratris
719 807 769 841 tui
793 808 836 841 de
859 807 1018 842 manibus
1041 808 1104 842 tuis
1116 814 1147 842 :⁸⁶
1181 819 1229 843 et:
1260 823 1353 850 „ma-

214 869 356 902 ledictus
371 868 406 913 ⁷)
431 869 541 903 omnis
567 869 624 914 qui
648 869 729 904 facit
757 870 931 914 sculptile,
962 879 1019 906 aut
1041 870 1172 904 susile.“
1225 871 1353 905 Verum

213 943 258 964 ne
282 939 379 975 putes
409 931 493 964 haec
522 931 609 975 in⁸)
639 930 806 964 veteribus
835 931 1077 966 tantummodo
1108 929 1214 965 literis
1245 941 1354 965 conn-

213 991 302 1031 neri‚
337 992 436 1025 etiam
466 992 502 1026 in
533 992 723 1035 Evangeliis
745 992 867 1026 similia
896 992 1057 1028 iuvenies.
1111 992 1285 1038 Scriptum
1307 1003 1355 1028 est

215 1054 318 1093 enim,
344 1055 439 1097 quod
463 1053 615 1088 dicturus
639 1054 681 1087 sit
701 1054 874 1088 Dominus
897 1054 947 1094 iis,
972 1055 1030 1099 qui
1055 1067 1073 1086 a
1097 1054 1235 1089 sinistris
1258 1062 1354 1089 sunt‘:

214 1114 400 1156 „discedite
413 1114 449 1159 ⁹)
480 1128 499 1147 a
529 1128 587 1148 me
617 1115 789 1149 maledicti
821 1115 857 1148 in
885 1116 997 1157 ignem
1022 1120 1230 1149 aeternum.“
1269 1115 1355 1152 *Sed

216 1186 249 1210 et
274 1190 351 1209 cum
378 1176 478 1210 dicit:
509 1177 660 1221 ‚‚vae¹⁰)
684 1176 796 1217 vobis,
820 1176 951 1210 scribae
976 1187 1007 1210 et
1030 1176 1220 1217 Pharisaei,
1244 1177 1355 1224 hypo-

217 1237 354 1272 critae!“
387 1247 435 1271 et:
465 1237 618 1281 „vae¹¹)
656 1237 752 1272 vobis
783 1238 940 1272 divitibus
951 1238 979 1272 !“
1015 1249 1047 1272 et
1075 1238 1206 1280 singula
1238 1237 1356 1284 hujus-

215 1300 325 1342 modi,
352 1298 434 1343 quid
457 1299 552 1333 aliud
575 1299 638 1333 nisi
660 1299 846 1334 maledictis
871 1313 927 1333 eos
948 1299 1082 1334 *ridetur
1104 1299 1248 1342 urgere?
1285 1299 1355 1333 Sed

216 1362 299 1405 quid
325 1361 484 1401 dicemus,
509 1362 604 1405 quod
627 1362 827 1394 mandatum
851 1374 914 1405 per
930 1363 1133 1406 Apostolum
1160 1362 1270 1401 datur,
1293 1362 1356 1394 ubi

216 1422 312 1456 dicit:
338 1422 558 1462 „benedicite,
575 1421 630 1465 ¹²)
656 1432 688 1456 et
712 1423 819 1455 nolite
843 1422 1092 1456 maledicere?·‘
1141 1422 1249 1466 Quod
1273 1435 1352 1465 ‚ergo

215 1484 259 1517 ab
284 1483 483 1517 hominibus
506 1497 578 1517 non
596 1483 775 1525 vult'fieri,
796 1484 864 1518 hoc
878 1484 950 1529 ipse
972 1485 1063 1526 facit,
1090 1484 1149 1529 qui
1162 1484 1354 1529 exemplum

215 1546 301 1578 vitae
323 1545 522 1579 hominibus
545 1544 668 1590 ponit?
713 1546 794 1579 Non
807 1545 863 1579 ‘ita
889 1555 944 1579 est.
990 1545 1084 1580 Deus
1115 1546 1207 1580 enim
1231 1546 1355 1591 quibus

215 1606 397 1648 maledicit,
421 1606 582 1640 meritum
609 1606 759 1648 designat
785 1607 867 1654 ejus,
889 1607 943 1641 cui
967 1606 1199 1647 maledicitur,
1224 1615 1258 1640 et
1278 1619 1355 1641 sen-

215 1668 355 1701 tentiam
379 1668 524 1714 promit,
556 1677 675 1713 utpote
709 1681 810 1713 quem
843 1682 915 1701 non
940 1669 1053 1709 fallat,
1088 1681 1202 1713 neque
1224 1669 1354 1714 peccati

216 1731 377 1775 qualitas,
412 1743 526 1775 neque
557 1730 727 1775 peccantis
768 1731 919 1766 affectus.
979 1730 1095 1763 Homo
1126 1738 1239 1763 autem
1275 1729 1354 1774 quia

309 1841 344 1885 ¹)
368 1842 469 1876 Num.
492 1842 622 1882 XXIII,
645 1842 676 1876 8.
772 1841 810 1885 ²)
832 1841 921 1874 Edd.
948 1840 1100 1875 Merlini:
1126 1841 1352 1888 pronominis.

307 1899 342 1941 ³)
370 1897 652 1937 Genes.lII,14.
747 1897 783 1941 4)
810 1896 1088 1938 Genes.111‚17.

308 1951 344 1997 ⁵)
371 1954 458 1990 Cod.
485 1952 717 1996 Corbejensis:
742 1953 798 1993 „in
825 1954 984 1997 opeiibus
1006 1955 1106 1991 tuisf‘
1134 1953 1225 1987 Alias
1249 1954 1298 1998 (v.
1324 1967 1349 1986 c.

213 2001 249 2031 in
275 1999 350 2032 edd.
374 1998 462 2038 M.:)
487 1999 543 2039 „in
568 2012 670 2043 opere
693 2002 776 2031 tuo!
780 1999 853 2031 ‘R.

307 2054 345 2098 ⁵)
370 2053 490 2088 Genes.
516 2055 572 2094 IV,
596 2055 648 2088 11.
746 2054 1156 2098 )⁷Deut.XXV11,15

307 2110 344 2153 Θ)
369 2110 502 2149 Deest,
507 2112 572 2148 ,in“
596 2110 630 2142 in
657 2111 707 2143 cd.
733 2110 851 2144 Ruaei.

310 2164 346 2208 ⁹)
370 2165 488 2198 Matth.
513 2167 624 2206 XXV,
648 2169 699 2202 41.
798 2167 853 2207 ¹⁰)
878 2167 1001 2200 Matth.
1027 2168 1157 2208 XXlll,
1180 2167 1233 2202 29.

288 2221 343 2263 ¹')
368 2220 449 2254 Luc.
476 2221 531 2261 Vl,
555 2223 610 2256 21.
708 2221 764 2265 ¹²)
790 2223 891 2256 Rom.
915 2222 992 2263 ΧΙΙ,
1017 2224 1068 2256 14.

1415 1598 1417 1604 ·
1426 1592 1427 1610 l

1397 1670 1425 2174 λ
