<?xml version="1.0" encoding="UTF-8"?>
<!DOCTYPE html PUBLIC "-//W3C//DTD XHTML 1.0 Transitional//EN"
    "http://www.w3.org/TR/xhtml1/DTD/xhtml1-transitional.dtd">
<html xmlns="http://www.w3.org/1999/xhtml" xml:lang="en" lang="en">
 <head>
  <title>
</title>
<meta http-equiv="Content-Type" content="text/html;charset=utf-8" />
  <meta name='ocr-system' content='tesseract 3.04.00' />
  <meta name='ocr-capabilities' content='ocr_page ocr_carea ocr_par ocr_line ocrx_word'/>
</head>
<body>
  <div class='ocr_page' id='page_1' title='image "./operaomniaquaegr10orig/operaomniaquaegr10orig_0398.png"; bbox 0 0 1427 2460; ppageno 0'>
   <div class='ocr_carea' id='block_1_1' title="bbox 190 112 962 151">
    <p class='ocr_par' dir='ltr' id='par_1_1' title="bbox 190 112 962 151">
     <span class='ocr_line' id='line_1_1' title="bbox 190 112 962 151; baseline -0.008 0"><span class='ocrx_word' id='word_1_1' title='bbox 190 115 258 151; x_wconf 80' lang='lat'>376</span> <span class='ocrx_word' id='word_1_2' title='bbox 586 112 635 145; x_wconf 82' lang='lat' dir='ltr'>Ex</span> <span class='ocrx_word' id='word_1_3' title='bbox 663 113 772 146; x_wconf 71' lang='lat' dir='ltr'><strong>Ome.</strong></span> <span class='ocrx_word' id='word_1_4' title='bbox 798 113 962 146; x_wconf 68' lang='lat' dir='ltr'>Sumen</span> 
     </span>
    </p>
   </div>
   <div class='ocr_carea' id='block_1_2' title="bbox 281 199 1330 250">
    <p class='ocr_par' dir='ltr' id='par_1_2' title="bbox 281 199 1330 250">
     <span class='ocr_line' id='line_1_2' title="bbox 281 199 1330 250; baseline -0.004 -10"><span class='ocrx_word' id='word_1_5' title='bbox 281 205 445 250; x_wconf 82' lang='grc' dir='ltr'>,,Πᾶν“)</span> <span class='ocrx_word' id='word_1_6' title='bbox 468 205 598 247; x_wconf 81' lang='grc' dir='ltr'><em>κτῆνος</em></span> <span class='ocrx_word' id='word_1_7' title='bbox 628 202 802 249; x_wconf 81' lang='grc' dir='ltr'>διχηλοῦν</span> <span class='ocrx_word' id='word_1_8' title='bbox 835 201 970 248; x_wconf 84' lang='grc' dir='ltr'>ὁπλὴν,</span> <span class='ocrx_word' id='word_1_9' title='bbox 1005 202 1065 236; x_wconf 79' lang='grc' dir='ltr'>καὶ</span> <span class='ocrx_word' id='word_1_10' title='bbox 1093 199 1234 247; x_wconf 76' lang='grc' dir='ltr'>ἀνάγον</span> <span class='ocrx_word' id='word_1_11' title='bbox 1255 215 1330 249; x_wconf 89' lang='grc' dir='ltr'>μη-</span> 
     </span>
    </p>
   </div>
   <div class='ocr_carea' id='block_1_3' title="bbox 192 265 412 316">
    <p class='ocr_par' dir='ltr' id='par_1_3' title="bbox 192 265 412 316">
     <span class='ocr_line' id='line_1_3' title="bbox 192 265 412 316; baseline -0.005 -14"><span class='ocrx_word' id='word_1_12' title='bbox 192 265 412 316; x_wconf 84' lang='grc' dir='ltr'>ρυκισμόν.“</span> 
     </span>
    </p>
   </div>
   <div class='ocr_carea' id='block_1_4' title="bbox 189 262 1390 1310">
    <p class='ocr_par' dir='ltr' id='par_1_4' title="bbox 193 262 1363 623">
     <span class='ocr_line' id='line_1_4' title="bbox 463 262 1363 313; baseline -0.001 -13"><span class='ocrx_word' id='word_1_13' title='bbox 463 263 514 300; x_wconf 88' lang='grc' dir='ltr'>Τὸ</span> <span class='ocrx_word' id='word_1_14' title='bbox 537 265 608 311; x_wconf 79' lang='grc' dir='ltr'>μὲν</span> <span class='ocrx_word' id='word_1_15' title='bbox 631 266 793 311; x_wconf 76' lang='grc' dir='ltr'>ὃιχηλεῖν</span> <span class='ocrx_word' id='word_1_16' title='bbox 817 265 879 300; x_wconf 77' lang='grc' dir='ltr'>ἐπὶ</span> <span class='ocrx_word' id='word_1_17' title='bbox 902 267 963 308; x_wconf 88' lang='grc' dir='ltr'>τῆς</span> <span class='ocrx_word' id='word_1_18' title='bbox 995 262 1128 308; x_wconf 87' lang='grc' dir='ltr'>ὁπλῆς,</span> <span class='ocrx_word' id='word_1_19' title='bbox 1161 262 1226 307; x_wconf 84' lang='grc' dir='ltr'>τὴν</span> <span class='ocrx_word' id='word_1_20' title='bbox 1254 277 1329 299; x_wconf 86' lang='grc' dir='ltr'>πο-</span> <span class='ocrx_word' id='word_1_21' title='bbox 1360 312 1363 313; x_wconf 19' lang='lat'><em>⁷</em></span> 
     </span>
     <span class='ocr_line' id='line_1_5' title="bbox 193 325 1331 376; baseline -0.004 -11"><span class='ocrx_word' id='word_1_22' title='bbox 193 333 309 376; x_wconf 79' lang='grc' dir='ltr'>ρείαν,</span> <span class='ocrx_word' id='word_1_23' title='bbox 338 327 419 363; x_wconf 84' lang='grc' dir='ltr'>καθ’</span> <span class='ocrx_word' id='word_1_24' title='bbox 446 325 492 372; x_wconf 74' lang='grc' dir='ltr'>ἣν</span> <span class='ocrx_word' id='word_1_25' title='bbox 515 325 606 373; x_wconf 86' lang='grc' dir='ltr'>πρὸς</span> <span class='ocrx_word' id='word_1_26' title='bbox 627 329 706 362; x_wconf 81' lang='grc' dir='ltr'>πᾶν</span> <span class='ocrx_word' id='word_1_27' title='bbox 731 326 854 362; x_wconf 83' lang='grc' dir='ltr'>ὁτιοῦν</span> <span class='ocrx_word' id='word_1_28' title='bbox 877 325 1061 373; x_wconf 70' lang='grc' dir='ltr'>ἐρχόμεθα</span> <span class='ocrx_word' id='word_1_29' title='bbox 1076 329 1150 362; x_wconf 79' lang='grc' dir='ltr'>τῶν</span> <span class='ocrx_word' id='word_1_30' title='bbox 1174 326 1331 373; x_wconf 76' lang='grc' dir='ltr'>ἀγαθῶν</span> 
     </span>
     <span class='ocr_line' id='line_1_6' title="bbox 195 385 1330 436; baseline -0.002 -10"><span class='ocrx_word' id='word_1_31' title='bbox 195 389 512 436; x_wconf 76' lang='grc' dir='ltr'>σπουδασμάτων,</span> <span class='ocrx_word' id='word_1_32' title='bbox 546 387 759 436; x_wconf 73' lang='grc' dir='ltr'>ἕμφανειεν·</span> <span class='ocrx_word' id='word_1_33' title='bbox 793 387 810 424; x_wconf 86' lang='grc' dir='ltr'>ὁ</span> <span class='ocrx_word' id='word_1_34' title='bbox 837 389 879 424; x_wconf 80' lang='grc' dir='ltr'>δὲ</span> <span class='ocrx_word' id='word_1_35' title='bbox 901 388 1147 436; x_wconf 88' lang='grc' dir='ltr'>μηρυκισμὸς,</span> <span class='ocrx_word' id='word_1_36' title='bbox 1181 387 1221 424; x_wconf 86' lang='grc' dir='ltr'>τὸ</span> <span class='ocrx_word' id='word_1_37' title='bbox 1255 385 1330 424; x_wconf 67' lang='grc' dir='ltr'>ἅνω</span> 
     </span>
     <span class='ocr_line' id='line_1_7' title="bbox 195 447 1334 499; baseline -0.002 -11"><span class='ocrx_word' id='word_1_38' title='bbox 195 467 232 490; x_wconf 87' lang='grc' dir='ltr'>τε</span> <span class='ocrx_word' id='word_1_39' title='bbox 263 455 325 488; x_wconf 89' lang='grc' dir='ltr'>καὶ</span> <span class='ocrx_word' id='word_1_40' title='bbox 357 451 453 488; x_wconf 81' lang='grc' dir='ltr'>κάτω</span> <span class='ocrx_word' id='word_1_41' title='bbox 487 457 608 488; x_wconf 85' lang='grc' dir='ltr'>ποιεῖν</span> <span class='ocrx_word' id='word_1_42' title='bbox 630 455 692 496; x_wconf 85' lang='grc' dir='ltr'>τῆς</span> <span class='ocrx_word' id='word_1_43' title='bbox 714 447 964 488; x_wconf 76' lang='grc' dir='ltr'>θεοπνεύστου</span> <span class='ocrx_word' id='word_1_44' title='bbox 986 454 1132 499; x_wconf 82' lang='grc' dir='ltr'>γραφῆς</span> <span class='ocrx_word' id='word_1_45' title='bbox 1161 449 1245 490; x_wconf 88' lang='grc' dir='ltr'>τοὺς</span> <span class='ocrx_word' id='word_1_46' title='bbox 1266 448 1334 486; x_wconf 83' lang='grc' dir='ltr'>λό-</span> 
     </span>
     <span class='ocr_line' id='line_1_8' title="bbox 195 510 1334 562; baseline -0.002 -12"><span class='ocrx_word' id='word_1_47' title='bbox 195 528 294 562; x_wconf 87' lang='grc' dir='ltr'>γους,</span> <span class='ocrx_word' id='word_1_48' title='bbox 321 517 382 549; x_wconf 88' lang='grc' dir='ltr'>καὶ</span> <span class='ocrx_word' id='word_1_49' title='bbox 401 510 480 549; x_wconf 84' lang='grc' dir='ltr'>οἷον</span> <span class='ocrx_word' id='word_1_50' title='bbox 497 513 761 559; x_wconf 80' lang='grc' dir='ltr'>ἀναμασᾶσθαι</span> <span class='ocrx_word' id='word_1_51' title='bbox 777 515 840 547; x_wconf 88' lang='grc' dir='ltr'>καὶ</span> <span class='ocrx_word' id='word_1_52' title='bbox 863 511 1146 550; x_wconf 84' lang='grc' dir='ltr'>καταλεπτύνειν</span> <span class='ocrx_word' id='word_1_53' title='bbox 1171 512 1334 561; x_wconf 77' lang='grc' dir='ltr'>ἐρεύναις</span> 
     </span>
     <span class='ocr_line' id='line_1_9' title="bbox 195 573 877 623; baseline -0.004 -10"><span class='ocrx_word' id='word_1_54' title='bbox 195 576 240 613; x_wconf 84' lang='grc' dir='ltr'>τὰ</span> <span class='ocrx_word' id='word_1_55' title='bbox 263 579 497 623; x_wconf 79' lang='grc' dir='ltr'><strong><em>κεκρυμμένα</em></strong></span> <span class='ocrx_word' id='word_1_56' title='bbox 520 578 594 611; x_wconf 87' lang='grc' dir='ltr'>τῶν</span> <span class='ocrx_word' id='word_1_57' title='bbox 615 573 877 623; x_wconf 75' lang='grc' dir='ltr'>θεωρημάτων.</span> 
     </span>
    </p>

    <p class='ocr_par' dir='ltr' id='par_1_5' title="bbox 196 635 1386 872">
     <span class='ocr_line' id='line_1_10' title="bbox 287 635 1382 684; baseline -0.003 -10"><span class='ocrx_word' id='word_1_58' title='bbox 287 637 493 684; x_wconf 72' lang='grc' dir='ltr'>,,Πάντα2)</span> <span class='ocrx_word' id='word_1_59' title='bbox 518 636 587 673; x_wconf 83' lang='grc' dir='ltr'>ὅσα</span> <span class='ocrx_word' id='word_1_60' title='bbox 611 639 711 674; x_wconf 72' lang='grc' dir='ltr'>ἐστὶν</span> <span class='ocrx_word' id='word_1_61' title='bbox 734 638 775 673; x_wconf 73' lang='grc' dir='ltr'>ἐν</span> <span class='ocrx_word' id='word_1_62' title='bbox 799 637 921 677; x_wconf 85' lang='grc' dir='ltr'>αὐτοῖς</span> <span class='ocrx_word' id='word_1_63' title='bbox 943 635 1119 683; x_wconf 79' lang='grc' dir='ltr'><em>πτερύγια</em></span> <span class='ocrx_word' id='word_1_64' title='bbox 1143 639 1206 673; x_wconf 90' lang='grc' dir='ltr'>καὶ</span> <span class='ocrx_word' id='word_1_65' title='bbox 1228 639 1334 673; x_wconf 81' lang='grc' dir='ltr'>λεπί-</span> <span class='ocrx_word' id='word_1_66' title='bbox 1380 651 1382 654; x_wconf 62' lang='grc'>’</span> 
     </span>
     <span class='ocr_line' id='line_1_11' title="bbox 196 689 1386 749; baseline -0.003 -11"><span class='ocrx_word' id='word_1_67' title='bbox 196 703 267 747; x_wconf 78' lang='grc' dir='ltr'>δες,</span> <span class='ocrx_word' id='word_1_68' title='bbox 288 699 495 749; x_wconf 77' lang='grc' dir='ltr'>φάγεσθε.“</span> <span class='ocrx_word' id='word_1_69' title='bbox 532 703 617 736; x_wconf 83' lang='grc' dir='ltr'>Τῶν</span> <span class='ocrx_word' id='word_1_70' title='bbox 639 703 800 746; x_wconf 79' lang='grc' dir='ltr'>πτηνῶν,</span> <span class='ocrx_word' id='word_1_71' title='bbox 827 696 942 747; x_wconf 81' lang='grc' dir='ltr'>οἶμαι,</span> <span class='ocrx_word' id='word_1_72' title='bbox 968 697 1037 735; x_wconf 83' lang='grc' dir='ltr'>ὅσα</span> <span class='ocrx_word' id='word_1_73' title='bbox 1059 700 1131 746; x_wconf 78' lang='grc' dir='ltr'>μὲν</span> <span class='ocrx_word' id='word_1_74' title='bbox 1153 689 1350 739; x_wconf 81' lang='grc' dir='ltr'>σκόλοπας</span> <span class='ocrx_word' id='word_1_75' title='bbox 1378 718 1386 738; x_wconf 75' lang='lat'>·,</span> 
     </span>
     <span class='ocr_line' id='line_1_12' title="bbox 196 758 1334 810; baseline -0.003 -11"><span class='ocrx_word' id='word_1_76' title='bbox 196 765 271 810; x_wconf 74' lang='grc' dir='ltr'>ἔχει</span> <span class='ocrx_word' id='word_1_77' title='bbox 301 765 488 808; x_wconf 79' lang='grc' dir='ltr'><em>κατωτέρω</em></span> <span class='ocrx_word' id='word_1_78' title='bbox 519 765 593 798; x_wconf 83' lang='grc' dir='ltr'>τῶν</span> <span class='ocrx_word' id='word_1_79' title='bbox 620 761 790 810; x_wconf 82' lang='grc' dir='ltr'>γονάτων</span> <span class='ocrx_word' id='word_1_80' title='bbox 820 761 914 808; x_wconf 81' lang='grc' dir='ltr'>ὑπὲρ</span> <span class='ocrx_word' id='word_1_81' title='bbox 945 761 1007 801; x_wconf 85' lang='grc' dir='ltr'>τὰς</span> <span class='ocrx_word' id='word_1_82' title='bbox 1029 758 1162 806; x_wconf 85' lang='grc' dir='ltr'><strong><em>βάσεις,</em></strong></span> <span class='ocrx_word' id='word_1_83' title='bbox 1188 759 1334 806; x_wconf 78' lang='grc' dir='ltr'>καθαρὰ</span> 
     </span>
     <span class='ocr_line' id='line_1_13' title="bbox 197 822 964 872; baseline -0.003 -11"><span class='ocrx_word' id='word_1_84' title='bbox 197 823 290 862; x_wconf 86' lang='grc' dir='ltr'>εἶναι</span> <span class='ocrx_word' id='word_1_85' title='bbox 312 823 490 870; x_wconf 83' lang='grc' dir='ltr'>βούλεται·</span> <span class='ocrx_word' id='word_1_86' title='bbox 516 824 585 860; x_wconf 84' lang='grc' dir='ltr'>ὅσα</span> <span class='ocrx_word' id='word_1_87' title='bbox 609 825 650 860; x_wconf 77' lang='grc' dir='ltr'>δὲ</span> <span class='ocrx_word' id='word_1_88' title='bbox 673 825 737 872; x_wconf 79' lang='grc' dir='ltr'>μὴ,</span> <span class='ocrx_word' id='word_1_89' title='bbox 761 822 964 871; x_wconf 63' lang='grc' dir='ltr'>ἀκάθαρτα.</span> 
     </span>
    </p>

    <p class='ocr_par' dir='ltr' id='par_1_6' title="bbox 189 884 1390 1309">
     <span class='ocr_line' id='line_1_14' title="bbox 287 884 1334 935; baseline -0.002 -12"><span class='ocrx_word' id='word_1_90' title='bbox 287 886 510 934; x_wconf 72' lang='grc' dir='ltr'>,,Ἐορτὴν3)</span> <span class='ocrx_word' id='word_1_91' title='bbox 534 889 680 932; x_wconf 84' lang='grc' dir='ltr'>σκηνῶν</span> <span class='ocrx_word' id='word_1_92' title='bbox 702 884 866 931; x_wconf 82' lang='grc' dir='ltr'>ποιήσεις</span> <span class='ocrx_word' id='word_1_93' title='bbox 889 887 1027 932; x_wconf 82' lang='grc' dir='ltr'><em>σεαυτῷ</em></span> <span class='ocrx_word' id='word_1_94' title='bbox 1048 884 1139 922; x_wconf 81' lang='grc' dir='ltr'>ἑπτὰ</span> <span class='ocrx_word' id='word_1_95' title='bbox 1156 884 1334 935; x_wconf 81' lang='grc' dir='ltr'>ἡμέρας.“</span> 
     </span>
     <span class='ocr_line' id='line_1_15' title="bbox 189 945 1334 999; baseline -0.002 -14"><span class='ocrx_word' id='word_1_96' title='bbox 189 949 425 999; x_wconf 87' lang='grc' dir='ltr'>Εὑρίσκομεν</span> <span class='ocrx_word' id='word_1_97' title='bbox 454 950 495 984; x_wconf 72' lang='grc' dir='ltr'>ἐν</span> <span class='ocrx_word' id='word_1_98' title='bbox 524 952 601 988; x_wconf 83' lang='grc' dir='ltr'>ταῖς</span> <span class='ocrx_word' id='word_1_99' title='bbox 631 952 794 995; x_wconf 67' lang='grc' dir='ltr'>γραφαῖς</span> <span class='ocrx_word' id='word_1_100' title='bbox 823 947 863 983; x_wconf 89' lang='grc' dir='ltr'>τὸ</span> <span class='ocrx_word' id='word_1_101' title='bbox 895 945 1015 997; x_wconf 71' lang='grc' dir='ltr'>ὄνομα</span> <span class='ocrx_word' id='word_1_102' title='bbox 1039 950 1101 993; x_wconf 86' lang='grc' dir='ltr'>τῆς</span> <span class='ocrx_word' id='word_1_103' title='bbox 1124 949 1249 995; x_wconf 80' lang='grc' dir='ltr'>ἑορτῆς</span> <span class='ocrx_word' id='word_1_104' title='bbox 1271 950 1334 983; x_wconf 84' lang='grc' dir='ltr'>καὶ</span> 
     </span>
     <span class='ocr_line' id='line_1_16' title="bbox 196 1008 1333 1060; baseline -0.002 -12"><span class='ocrx_word' id='word_1_105' title='bbox 196 1015 258 1057; x_wconf 80' lang='grc' dir='ltr'>τῆς</span> <span class='ocrx_word' id='word_1_106' title='bbox 292 1009 547 1058; x_wconf 80' lang='grc' dir='ltr'>πανηγύρεως,</span> <span class='ocrx_word' id='word_1_107' title='bbox 585 1008 709 1057; x_wconf 80' lang='grc' dir='ltr'>ὥσπερ</span> <span class='ocrx_word' id='word_1_108' title='bbox 747 1009 848 1056; x_wconf 79' lang='grc' dir='ltr'>παρὰ</span> <span class='ocrx_word' id='word_1_109' title='bbox 885 1013 935 1056; x_wconf 83' lang='grc' dir='ltr'>τῷ</span> <span class='ocrx_word' id='word_1_110' title='bbox 967 1008 1140 1060; x_wconf 79' lang='grc' dir='ltr'>προφήτῃ</span> <span class='ocrx_word' id='word_1_111' title='bbox 1175 1013 1333 1057; x_wconf 84' lang='grc' dir='ltr'>λέγοντι·</span> 
     </span>
     <span class='ocr_line' id='line_1_17' title="bbox 195 1071 1389 1122; baseline -0.002 -12"><span class='ocrx_word' id='word_1_112' title='bbox 195 1078 261 1120; x_wconf 83' lang='grc' dir='ltr'>,,τί</span> <span class='ocrx_word' id='word_1_113' title='bbox 274 1075 312 1120; x_wconf 75' lang='lat'>⁴)</span> <span class='ocrx_word' id='word_1_114' title='bbox 341 1071 509 1117; x_wconf 78' lang='grc' dir='ltr'>ποιήσετε</span> <span class='ocrx_word' id='word_1_115' title='bbox 540 1072 580 1107; x_wconf 79' lang='grc' dir='ltr'>ἒν</span> <span class='ocrx_word' id='word_1_116' title='bbox 612 1071 731 1118; x_wconf 76' lang='grc' dir='ltr'>ἡμέρα</span> <span class='ocrx_word' id='word_1_117' title='bbox 761 1071 1014 1119; x_wconf 83' lang='grc' dir='ltr'>πανηγύρεως,</span> <span class='ocrx_word' id='word_1_118' title='bbox 1052 1075 1114 1108; x_wconf 85' lang='grc' dir='ltr'>καὶ</span> <span class='ocrx_word' id='word_1_119' title='bbox 1145 1073 1185 1109; x_wconf 74' lang='grc' dir='ltr'>ἓν</span> <span class='ocrx_word' id='word_1_120' title='bbox 1216 1071 1336 1122; x_wconf 77' lang='grc' dir='ltr'>ἡμέρα</span> <span class='ocrx_word' id='word_1_121' title='bbox 1384 1082 1389 1086; x_wconf 81' lang='grc'><strong>“</strong></span> 
     </span>
     <span class='ocr_line' id='line_1_18' title="bbox 198 1135 515 1184; baseline -0.006 -12"><span class='ocrx_word' id='word_1_122' title='bbox 198 1137 323 1184; x_wconf 81' lang='grc' dir='ltr'>ἑορτῆς</span> <span class='ocrx_word' id='word_1_123' title='bbox 341 1140 486 1181; x_wconf 83' lang='grc' dir='ltr'>κυρίου;</span> <span class='ocrx_word' id='word_1_124' title='bbox 479 1135 515 1158; x_wconf 84' lang='lat'>·“</span> 
     </span>
     <span class='ocr_line' id='line_1_19' title="bbox 197 1191 1333 1246; baseline -0.004 -11"><span class='ocrx_word' id='word_1_125' title='bbox 197 1196 392 1246; x_wconf 86' lang='grc' dir='ltr'>νηγύρεως.</span> <span class='ocrx_word' id='word_1_126' title='bbox 432 1200 542 1232; x_wconf 78' lang='grc' dir='ltr'>Πᾶσα</span> <span class='ocrx_word' id='word_1_127' title='bbox 560 1198 632 1244; x_wconf 82' lang='grc' dir='ltr'>μὲν</span> <span class='ocrx_word' id='word_1_128' title='bbox 647 1191 726 1242; x_wconf 80' lang='grc' dir='ltr'>οὖν,</span> <span class='ocrx_word' id='word_1_129' title='bbox 744 1196 788 1233; x_wconf 77' lang='grc' dir='ltr'>ἵν’</span> <span class='ocrx_word' id='word_1_130' title='bbox 816 1196 928 1237; x_wconf 76' lang='grc' dir='ltr'>οὕτως</span> <span class='ocrx_word' id='word_1_131' title='bbox 951 1200 1054 1241; x_wconf 92' lang='grc' dir='ltr'>εἴπω,</span> <span class='ocrx_word' id='word_1_132' title='bbox 1078 1194 1186 1245; x_wconf 80' lang='grc' dir='ltr'>ἱλαρὰ</span> <span class='ocrx_word' id='word_1_133' title='bbox 1202 1195 1333 1242; x_wconf 80' lang='grc' dir='ltr'>ἡμέρα,</span> 
     </span>
     <span class='ocr_line' id='line_1_20' title="bbox 197 1256 1390 1310; baseline -0.003 -12"><span class='ocrx_word' id='word_1_134' title='bbox 197 1261 239 1298; x_wconf 77' lang='grc' dir='ltr'>ἓν</span> <span class='ocrx_word' id='word_1_135' title='bbox 272 1262 293 1310; x_wconf 79' lang='grc' dir='ltr'>ᾗ</span> <span class='ocrx_word' id='word_1_136' title='bbox 327 1263 589 1309; x_wconf 80' lang='grc' dir='ltr'>προστέτακται</span> <span class='ocrx_word' id='word_1_137' title='bbox 620 1258 668 1300; x_wconf 83' lang='grc' dir='ltr'>ὡς</span> <span class='ocrx_word' id='word_1_138' title='bbox 700 1260 740 1295; x_wconf 76' lang='grc' dir='ltr'>ἐν</span> <span class='ocrx_word' id='word_1_139' title='bbox 771 1257 859 1305; x_wconf 87' lang='grc' dir='ltr'>αγία</span> <span class='ocrx_word' id='word_1_140' title='bbox 895 1257 983 1295; x_wconf 74' lang='grc' dir='ltr'>τάδε</span> <span class='ocrx_word' id='word_1_141' title='bbox 1019 1272 1100 1295; x_wconf 90' lang='grc' dir='ltr'>τινα</span> <span class='ocrx_word' id='word_1_142' title='bbox 1137 1259 1238 1306; x_wconf 80' lang='grc' dir='ltr'>παρὰ</span> <span class='ocrx_word' id='word_1_143' title='bbox 1272 1258 1337 1299; x_wconf 79' lang='grc' dir='ltr'>τὰς</span> <span class='ocrx_word' id='word_1_144' title='bbox 1384 1256 1390 1300; x_wconf 57' lang='grc'>’,</span> 
     </span>
    </p>
   </div>
   <div class='ocr_carea' id='block_1_5' title="bbox 547 1133 1391 1182">
    <p class='ocr_par' dir='ltr' id='par_1_7' title="bbox 547 1133 1391 1182">
     <span class='ocr_line' id='line_1_21' title="bbox 547 1133 1391 1182; baseline 0 -12"><span class='ocrx_word' id='word_1_145' title='bbox 547 1138 728 1179; x_wconf 84' lang='grc' dir='ltr'>Ζητητέον</span> <span class='ocrx_word' id='word_1_146' title='bbox 747 1134 812 1179; x_wconf 88' lang='grc' dir='ltr'>τὴν</span> <span class='ocrx_word' id='word_1_147' title='bbox 826 1133 1044 1182; x_wconf 66' lang='grc' dir='ltr'>διαφορὰν“</span> <span class='ocrx_word' id='word_1_148' title='bbox 1026 1137 1151 1180; x_wconf 82' lang='grc' dir='ltr'>εορτῆς</span> <span class='ocrx_word' id='word_1_149' title='bbox 1173 1137 1236 1170; x_wconf 87' lang='grc' dir='ltr'>καὶ</span> <span class='ocrx_word' id='word_1_150' title='bbox 1257 1148 1335 1170; x_wconf 88' lang='grc' dir='ltr'>πα-</span> <span class='ocrx_word' id='word_1_151' title='bbox 1386 1134 1391 1139; x_wconf 58' lang='lat'><em>¹</em></span> 
     </span>
    </p>
   </div>
   <div class='ocr_carea' id='block_1_6' title="bbox 198 1320 1338 1370">
    <p class='ocr_par' dir='ltr' id='par_1_8' title="bbox 198 1314 1398 1370">
     <span class='ocr_line' id='line_1_22' title="bbox 198 1320 1338 1370; baseline -0.001 -12"><span class='ocrx_word' id='word_1_152' title='bbox 198 1322 329 1362; x_wconf 85' lang='grc' dir='ltr'>λοιπὰς</span> <span class='ocrx_word' id='word_1_153' title='bbox 361 1326 484 1358; x_wconf 88' lang='grc' dir='ltr'>ποιεῖν</span> <span class='ocrx_word' id='word_1_154' title='bbox 515 1323 694 1369; x_wconf 73' lang='grc' dir='ltr'>ἐξαίρετα,</span> <span class='ocrx_word' id='word_1_155' title='bbox 733 1320 837 1370; x_wconf 82' lang='grc' dir='ltr'>ἑορτὴ</span> <span class='ocrx_word' id='word_1_156' title='bbox 869 1321 1122 1356; x_wconf 82' lang='grc' dir='ltr'>καλεῖται·οὗ</span> <span class='ocrx_word' id='word_1_157' title='bbox 1157 1324 1262 1357; x_wconf 82' lang='grc' dir='ltr'>πᾶσα</span> <span class='ocrx_word' id='word_1_158' title='bbox 1294 1322 1338 1357; x_wconf 73' lang='grc' dir='ltr'>δέ</span> 
     </span>
    </p>
   </div>
   <div class='ocr_carea' id='block_1_7' title="bbox 197 1380 1392 1990">
    <p class='ocr_par' dir='ltr' id='par_1_9' title="bbox 197 1380 1392 1866">
     <span class='ocr_line' id='line_1_23' title="bbox 199 1380 1336 1434; baseline -0.003 -13"><span class='ocrx_word' id='word_1_159' title='bbox 199 1386 276 1421; x_wconf 76' lang='grc' dir='ltr'>ἐστι</span> <span class='ocrx_word' id='word_1_160' title='bbox 297 1383 517 1434; x_wconf 84' lang='grc' dir='ltr'>πανήγυρις,</span> <span class='ocrx_word' id='word_1_161' title='bbox 551 1383 642 1419; x_wconf 74' lang='grc' dir='ltr'>ἀλλὰ</span> <span class='ocrx_word' id='word_1_162' title='bbox 666 1382 757 1419; x_wconf 80' lang='grc' dir='ltr'>κατὰ</span> <span class='ocrx_word' id='word_1_163' title='bbox 781 1382 821 1419; x_wconf 86' lang='grc' dir='ltr'>τὸ</span> <span class='ocrx_word' id='word_1_164' title='bbox 847 1380 987 1430; x_wconf 73' lang='grc' dir='ltr'>ὄνομα,</span> <span class='ocrx_word' id='word_1_165' title='bbox 1015 1382 1074 1420; x_wconf 86' lang='grc' dir='ltr'>ὅτε</span> <span class='ocrx_word' id='word_1_166' title='bbox 1096 1384 1159 1419; x_wconf 72' lang='grc' dir='ltr'>ἐπὶ</span> <span class='ocrx_word' id='word_1_167' title='bbox 1181 1382 1222 1420; x_wconf 84' lang='grc' dir='ltr'>τὸ</span> <span class='ocrx_word' id='word_1_168' title='bbox 1247 1382 1336 1419; x_wconf 80' lang='grc' dir='ltr'>αὐτὸ</span> 
     </span>
     <span class='ocr_line' id='line_1_24' title="bbox 199 1443 1334 1496; baseline -0.003 -13"><span class='ocrx_word' id='word_1_169' title='bbox 199 1449 499 1496; x_wconf 77' lang='grc' dir='ltr'>συναθροίζονται</span> <span class='ocrx_word' id='word_1_170' title='bbox 517 1448 552 1481; x_wconf 77' lang='grc' dir='ltr'>οἱ</span> <span class='ocrx_word' id='word_1_171' title='bbox 564 1444 801 1492; x_wconf 75' lang='grc' dir='ltr'>πανταχόθεν</span> <span class='ocrx_word' id='word_1_172' title='bbox 813 1444 986 1494; x_wconf 84' lang='grc' dir='ltr'>Ἑβραῖοι,</span> <span class='ocrx_word' id='word_1_173' title='bbox 1013 1443 1104 1481; x_wconf 80' lang='grc' dir='ltr'>ὥστε</span> <span class='ocrx_word' id='word_1_174' title='bbox 1120 1444 1212 1480; x_wconf 83' lang='grc' dir='ltr'>κατὰ</span> <span class='ocrx_word' id='word_1_175' title='bbox 1229 1447 1334 1481; x_wconf 84' lang='grc' dir='ltr'>τοῦτο</span> 
     </span>
     <span class='ocr_line' id='line_1_25' title="bbox 197 1505 1338 1556; baseline -0.003 -12"><span class='ocrx_word' id='word_1_176' title='bbox 197 1508 265 1554; x_wconf 83' lang='grc' dir='ltr'>τὴν</span> <span class='ocrx_word' id='word_1_177' title='bbox 297 1510 368 1555; x_wconf 82' lang='grc' dir='ltr'>μὲν</span> <span class='ocrx_word' id='word_1_178' title='bbox 397 1507 607 1556; x_wconf 87' lang='grc' dir='ltr'>πανήγυριν</span> <span class='ocrx_word' id='word_1_179' title='bbox 643 1505 736 1544; x_wconf 82' lang='grc' dir='ltr'>εἶναι</span> <span class='ocrx_word' id='word_1_180' title='bbox 770 1506 918 1556; x_wconf 82' lang='grc' dir='ltr'>ἑορτὴν,</span> <span class='ocrx_word' id='word_1_181' title='bbox 960 1506 1079 1542; x_wconf 78' lang='grc' dir='ltr'>οὐκέτι</span> <span class='ocrx_word' id='word_1_182' title='bbox 1113 1506 1156 1542; x_wconf 78' lang='grc' dir='ltr'>δὲ</span> <span class='ocrx_word' id='word_1_183' title='bbox 1189 1505 1338 1547; x_wconf 80' lang='grc' dir='ltr'>πάντως</span> 
     </span>
     <span class='ocr_line' id='line_1_26' title="bbox 199 1566 1334 1619; baseline -0.003 -12"><span class='ocrx_word' id='word_1_184' title='bbox 199 1571 267 1616; x_wconf 83' lang='grc' dir='ltr'>τὴν</span> <span class='ocrx_word' id='word_1_185' title='bbox 294 1570 423 1619; x_wconf 77' lang='grc' dir='ltr'>ἑορτὴν</span> <span class='ocrx_word' id='word_1_186' title='bbox 454 1569 674 1619; x_wconf 83' lang='grc' dir='ltr'>πανήγυριν·</span> <span class='ocrx_word' id='word_1_187' title='bbox 714 1566 794 1605; x_wconf 81' lang='grc' dir='ltr'>οἷον</span> <span class='ocrx_word' id='word_1_188' title='bbox 831 1568 994 1614; x_wconf 80' lang='grc' dir='ltr'>σάββατα</span> <span class='ocrx_word' id='word_1_189' title='bbox 1030 1570 1092 1603; x_wconf 86' lang='grc' dir='ltr'>καὶ</span> <span class='ocrx_word' id='word_1_190' title='bbox 1129 1573 1334 1616; x_wconf 87' lang='grc' dir='ltr'>νεομηνίαι,</span> 
     </span>
     <span class='ocr_line' id='line_1_27' title="bbox 199 1628 1338 1681; baseline -0.004 -12"><span class='ocrx_word' id='word_1_191' title='bbox 199 1634 326 1681; x_wconf 77' lang='grc' dir='ltr'>ἑορταί</span> <span class='ocrx_word' id='word_1_192' title='bbox 352 1636 455 1669; x_wconf 73' lang='grc' dir='ltr'>εἶσιν·</span> <span class='ocrx_word' id='word_1_193' title='bbox 481 1630 599 1677; x_wconf 75' lang='grc' dir='ltr'>ἷίζυμα</span> <span class='ocrx_word' id='word_1_194' title='bbox 631 1633 671 1667; x_wconf 79' lang='grc' dir='ltr'>δὲ</span> <span class='ocrx_word' id='word_1_195' title='bbox 697 1634 759 1667; x_wconf 87' lang='grc' dir='ltr'>καὶ</span> <span class='ocrx_word' id='word_1_196' title='bbox 781 1630 913 1680; x_wconf 83' lang='grc' dir='ltr'>ἡμέραι</span> <span class='ocrx_word' id='word_1_197' title='bbox 935 1633 1009 1666; x_wconf 84' lang='grc' dir='ltr'>τῶν</span> <span class='ocrx_word' id='word_1_198' title='bbox 1031 1628 1251 1677; x_wconf 75' lang='grc' dir='ltr'>ἑβδομάδων</span> <span class='ocrx_word' id='word_1_199' title='bbox 1274 1633 1338 1666; x_wconf 90' lang='grc' dir='ltr'>καὶ</span> 
     </span>
     <span class='ocr_line' id='line_1_28' title="bbox 199 1691 1334 1742; baseline -0.003 -11"><span class='ocrx_word' id='word_1_200' title='bbox 199 1699 444 1742; x_wconf 86' lang='grc' dir='ltr'>σκηνοπηγίαι</span> <span class='ocrx_word' id='word_1_201' title='bbox 470 1694 512 1731; x_wconf 83' lang='grc' dir='ltr'>οὐ</span> <span class='ocrx_word' id='word_1_202' title='bbox 535 1692 655 1741; x_wconf 87' lang='grc' dir='ltr'>μόνον</span> <span class='ocrx_word' id='word_1_203' title='bbox 680 1696 718 1729; x_wconf 78' lang='grc' dir='ltr'>αἱ</span> <span class='ocrx_word' id='word_1_204' title='bbox 741 1694 875 1740; x_wconf 80' lang='grc' dir='ltr'>ἑορταὶ,</span> <span class='ocrx_word' id='word_1_205' title='bbox 903 1692 993 1729; x_wconf 79' lang='grc' dir='ltr'>ἀλλὰ</span> <span class='ocrx_word' id='word_1_206' title='bbox 1017 1695 1079 1728; x_wconf 88' lang='grc' dir='ltr'>καὶ</span> <span class='ocrx_word' id='word_1_207' title='bbox 1102 1691 1334 1742; x_wconf 81' lang='grc' dir='ltr'>πανηγύρεις,</span> 
     </span>
     <span class='ocr_line' id='line_1_29' title="bbox 201 1753 1392 1806; baseline -0.003 -12"><span class='ocrx_word' id='word_1_208' title='bbox 201 1757 259 1794; x_wconf 83' lang='grc' dir='ltr'>ὅτε</span> <span class='ocrx_word' id='word_1_209' title='bbox 283 1760 544 1804; x_wconf 80' lang='grc' dir='ltr'>προστέτακται</span> <span class='ocrx_word' id='word_1_210' title='bbox 560 1758 639 1792; x_wconf 85' lang='grc' dir='ltr'>πᾶν</span> <span class='ocrx_word' id='word_1_211' title='bbox 663 1755 858 1802; x_wconf 80' lang='grc' dir='ltr'>ἀρσενικὸν</span> <span class='ocrx_word' id='word_1_212' title='bbox 872 1759 1074 1803; x_wconf 85' lang='grc' dir='ltr'>φαίνεσθαι</span> <span class='ocrx_word' id='word_1_213' title='bbox 1091 1753 1252 1791; x_wconf 74' lang='grc' dir='ltr'>ἐνώπιον</span> <span class='ocrx_word' id='word_1_214' title='bbox 1267 1769 1336 1791; x_wconf 86' lang='grc' dir='ltr'>κυ-</span> <span class='ocrx_word' id='word_1_215' title='bbox 1387 1803 1392 1806; x_wconf 23' lang='grc' dir='ltr'><strong>μ</strong></span> 
     </span>
     <span class='ocr_line' id='line_1_30' title="bbox 202 1815 1231 1866; baseline -0.002 -12"><span class='ocrx_word' id='word_1_216' title='bbox 202 1823 282 1866; x_wconf 86' lang='grc' dir='ltr'>ρίου</span> <span class='ocrx_word' id='word_1_217' title='bbox 305 1821 371 1855; x_wconf 87' lang='grc' dir='ltr'>τοῦ</span> <span class='ocrx_word' id='word_1_218' title='bbox 395 1822 486 1855; x_wconf 87' lang='grc' dir='ltr'>θεοῦ</span> <span class='ocrx_word' id='word_1_219' title='bbox 510 1829 577 1854; x_wconf 91' lang='grc' dir='ltr'>σου</span> <span class='ocrx_word' id='word_1_220' title='bbox 601 1821 650 1858; x_wconf 76' lang='grc' dir='ltr'>εἷς</span> <span class='ocrx_word' id='word_1_221' title='bbox 672 1817 737 1853; x_wconf 89' lang='grc' dir='ltr'>τὸν</span> <span class='ocrx_word' id='word_1_222' title='bbox 757 1815 874 1853; x_wconf 87' lang='grc' dir='ltr'>τόπον</span> <span class='ocrx_word' id='word_1_223' title='bbox 899 1815 942 1854; x_wconf 82' lang='grc' dir='ltr'>ὃν</span> <span class='ocrx_word' id='word_1_224' title='bbox 965 1815 1014 1852; x_wconf 74' lang='grc' dir='ltr'>ἂν</span> <span class='ocrx_word' id='word_1_225' title='bbox 1039 1817 1231 1862; x_wconf 71' lang='grc' dir='ltr'>ἐκλέξηται.</span> 
     </span>
    </p>

    <p class='ocr_par' dir='ltr' id='par_1_10' title="bbox 202 1878 1334 1990">
     <span class='ocr_line' id='line_1_31' title="bbox 291 1878 1334 1928; baseline -0.003 -10"><span class='ocrx_word' id='word_1_226' title='bbox 291 1882 421 1928; x_wconf 79' lang='grc' dir='ltr'>,,οὐ5)</span> <span class='ocrx_word' id='word_1_227' title='bbox 444 1878 695 1928; x_wconf 85' lang='grc' dir='ltr'>μετακινήσεις</span> <span class='ocrx_word' id='word_1_228' title='bbox 718 1878 799 1928; x_wconf 82' lang='grc' dir='ltr'>ὅρια</span> <span class='ocrx_word' id='word_1_229' title='bbox 824 1882 887 1915; x_wconf 88' lang='grc' dir='ltr'>τοῦ</span> <span class='ocrx_word' id='word_1_230' title='bbox 910 1882 1068 1924; x_wconf 77' lang='grc' dir='ltr'>πλησίον</span> <span class='ocrx_word' id='word_1_231' title='bbox 1082 1878 1195 1916; x_wconf 83' lang='grc' dir='ltr'>σου.“</span> <span class='ocrx_word' id='word_1_232' title='bbox 1230 1882 1334 1925; x_wconf 86' lang='grc' dir='ltr'>Πλη-</span> 
     </span>
     <span class='ocr_line' id='line_1_32' title="bbox 202 1939 983 1990; baseline -0.005 -10"><span class='ocrx_word' id='word_1_233' title='bbox 202 1948 285 1980; x_wconf 89' lang='grc' dir='ltr'>σίον</span> <span class='ocrx_word' id='word_1_234' title='bbox 308 1945 496 1990; x_wconf 86' lang='grc' dir='ltr'>πολλαχοῦ</span> <span class='ocrx_word' id='word_1_235' title='bbox 519 1945 592 1982; x_wconf 85' lang='grc' dir='ltr'>πᾶς</span> <span class='ocrx_word' id='word_1_236' title='bbox 617 1939 813 1988; x_wconf 72' lang='grc' dir='ltr'>ἅνθρωπος</span> <span class='ocrx_word' id='word_1_237' title='bbox 836 1945 983 1987; x_wconf 86' lang='grc' dir='ltr'>εἴρηται.</span> 
     </span>
    </p>
   </div>
   <div class='ocr_carea' id='block_1_8' title="bbox 291 2125 1168 2339">
    <p class='ocr_par' dir='ltr' id='par_1_11' title="bbox 291 2125 1168 2229">
     <span class='ocr_line' id='line_1_33' title="bbox 295 2125 1168 2173; baseline -0.003 -11"><span class='ocrx_word' id='word_1_238' title='bbox 295 2129 331 2173; x_wconf 91' lang='lat'>¹)</span> <span class='ocrx_word' id='word_1_239' title='bbox 352 2128 455 2162; x_wconf 82' lang='lat' dir='ltr'><strong>Deut.</strong></span> <span class='ocrx_word' id='word_1_240' title='bbox 479 2128 573 2169; x_wconf 86' lang='lat' dir='ltr'>XIV,</span> <span class='ocrx_word' id='word_1_241' title='bbox 595 2129 627 2163; x_wconf 84' lang='grc'>6.</span> <span class='ocrx_word' id='word_1_242' title='bbox 832 2126 870 2171; x_wconf 82' lang='lat'>²)</span> <span class='ocrx_word' id='word_1_243' title='bbox 894 2127 996 2161; x_wconf 86' lang='lat' dir='ltr'><strong>Deut.</strong></span> <span class='ocrx_word' id='word_1_244' title='bbox 1020 2125 1114 2167; x_wconf 83' lang='lat' dir='ltr'>XIV,</span> <span class='ocrx_word' id='word_1_245' title='bbox 1136 2125 1168 2160; x_wconf 84' lang='grc'>9.</span> 
     </span>
     <span class='ocr_line' id='line_1_34' title="bbox 291 2183 651 2229; baseline 0.003 -11"><span class='ocrx_word' id='word_1_246' title='bbox 291 2184 330 2229; x_wconf 81' lang='lat'>³)</span> <span class='ocrx_word' id='word_1_247' title='bbox 353 2185 456 2218; x_wconf 81' lang='lat' dir='ltr'><strong>Dent.</strong></span> <span class='ocrx_word' id='word_1_248' title='bbox 480 2183 574 2223; x_wconf 86' lang='lat' dir='ltr'>XVI,</span> <span class='ocrx_word' id='word_1_249' title='bbox 596 2183 651 2219; x_wconf 84' lang='lat'>13.</span> 
     </span>
    </p>

    <p class='ocr_par' dir='ltr' id='par_1_12' title="bbox 293 2239 576 2284">
     <span class='ocr_line' id='line_1_35' title="bbox 293 2239 576 2284; baseline 0 -12"><span class='ocrx_word' id='word_1_250' title='bbox 293 2240 330 2284; x_wconf 80' lang='lat'>⁴)</span> <span class='ocrx_word' id='word_1_251' title='bbox 353 2240 435 2274; x_wconf 86' lang='lat' dir='ltr'><strong>Hos.</strong></span> <span class='ocrx_word' id='word_1_252' title='bbox 461 2239 523 2280; x_wconf 84' lang='lat' dir='ltr'>IX,</span> <span class='ocrx_word' id='word_1_253' title='bbox 545 2240 576 2273; x_wconf 84' lang='lat'>5.</span> 
     </span>
    </p>

    <p class='ocr_par' dir='ltr' id='par_1_13' title="bbox 294 2295 650 2339">
     <span class='ocr_line' id='line_1_36' title="bbox 294 2295 650 2339; baseline 0.003 -11"><span class='ocrx_word' id='word_1_254' title='bbox 294 2296 331 2339; x_wconf 81' lang='lat'>⁵)</span> <span class='ocrx_word' id='word_1_255' title='bbox 353 2296 455 2330; x_wconf 73' lang='lat' dir='ltr'><strong>nent.</strong></span> <span class='ocrx_word' id='word_1_256' title='bbox 479 2295 576 2334; x_wconf 83' lang='lat' dir='ltr'>xlx,</span> <span class='ocrx_word' id='word_1_257' title='bbox 599 2296 650 2330; x_wconf 83' lang='lat'>14.</span> 
     </span>
    </p>
   </div>
   <div class='ocr_carea' id='block_1_9' title="bbox 1334 0 1427 2413">
    <p class='ocr_par' dir='ltr' id='par_1_14' title="bbox 1334 0 1427 2413">
     <span class='ocr_line' id='line_1_37' title="bbox 1334 0 1427 2413; baseline 0 0"><span class='ocrx_word' id='word_1_258' title='bbox 1334 0 1427 2413; x_wconf 95' lang='lat' dir='ltr'> </span> 
     </span>
    </p>
   </div>
  </div>
 </body>
</html>
