1427 2460
208 107 275 142 324
691 103 870 137 Omessms

210 196 377 232 velamine
413 196 458 229 ita
491 193 696 236 intelligant,
731 206 818 238 quae
849 192 970 240 scripta
1003 202 1098 233 sunt,
1139 202 1177 227 ut
1214 194 1351 236 singulis

213 259 405 304 quibusque
430 269 468 290 ea
494 256 560 289 diei
584 254 773 294 inveniant,
799 268 886 300 quae
910 255 936 289 si
960 254 1208 298 intelligantur,
1232 265 1263 289 et
1288 257 1352 289 ob—

212 327 396 357 serventur,
420 317 549 363 possint
575 316 746 350 auditores
770 330 843 350 non
868 318 912 351 ad
935 317 1032 350 illurn
1055 317 1173 351 locum
1191 318 1353 351 tormenti

214 379 353 419 deduci,
379 392 448 424 quo
474 378 564 412 dives
587 377 663 418 ille,
695 377 754 422 qui
779 377 896 412 audire
919 379 1020 419 hec,
1053 392 1140 424 quae
1163 378 1200 412 in
1223 388 1353 413 secreto
1376 422 1377 426 Ἰ

213 451 291 476 sunt
313 440 455 486 scripta,
479 439 675 479 contemsit,
708 441 875 473 abductus
902 451 963 474 est:
997 441 1056 474 sed
1079 439 1113 473 in
1139 440 1252 474 sinum
1278 449 1355 473 eant

215 503 406 542 Abraham,
438 501 498 535 ubi
527 502 673 536 Lazarus
703 501 891 547 requiescit.
946 502 1094 537 Oremus
1124 515 1203 545 ergo
1227 501 1354 535 Domi-

214 579 315 605 num,
338 574 376 598 ut
401 565 574 597 auferatur
598 564 750 597 velamen
774 577 793 596 a
819 564 980 598 cordibus
1003 563 1127 599 nostris
1151 563 1357 598 delectione

214 626 330 660 veteris
355 624 561 665 testamenti,
584 634 623 657 ut
647 637 701 663 ea,
726 637 813 669 quae
839 625 1037 658 abscondita
1061 635 1140 659 sunt
1165 635 1197 659 et
1221 626 1356 659 occulta

213 689 248 721 in
279 687 386 722 Mosis
421 686 540 727 literis,
587 686 702 719 videre
739 686 907 731 possimus
946 687 1138 721 secundum
1167 688 1357 733 prophetae

216 748 533 790 commonitionem,
559 747 718 781 dicentis:
743 758 802 788 „et
822 748 857 794 ¹)
877 748 941 783 nisi
967 748 1137 782 audieritis
1162 750 1294 783 occulte
1309 748 1358 794 ²),

217 811 369 857 plorabit
400 811 513 844 anima
546 820 650 844 vestra
662 814 691 842 “.
739 810 783 842 Et
813 809 952 855 quidem
986 811 1080 855 quod
1110 811 1195 844 haec
1218 810 1357 858 mystica

216 874 297 913 sint,
336 881 368 906 et
393 872 543 905 divinum
570 872 717 917 aliquem
742 884 878 905 sensum
903 871 1117 912 contineant,
1151 881 1236 918 puto
1262 873 1357 917 quod

217 949 254 969 ex
279 934 333 974 iis,
358 947 445 980 quae
468 933 620 979 superius
646 943 767 967 asserta
792 943 886 973 sunt,
910 934 1024 967 nullus
1048 933 1152 979 possit
1176 933 1358 978 ambigere,

216 996 368 1041 quamvis
390 996 432 1030 sit
459 995 517 1028 ille
540 995 693 1028 Judaicis
717 995 840 1029 fabulis
869 995 1104 1029 insatiabiliter
1129 995 1279 1029 deditus:
1309 1005 1359 1029 ta-

216 1072 295 1092 men
319 1057 403 1092 sicut
426 1058 493 1090 hoc
517 1057 690 1090 neminem
715 1070 838 1100 negare
861 1066 964 1102 puto,
997 1056 1042 1089 ita
1076 1071 1163 1102 quae
1193 1057 1259 1091 sint
1289 1057 1360 1097 illa,

218 1133 305 1165 quae
328 1133 365 1153 ex
390 1118 458 1152 istis
482 1119 735 1152 narrationibus
759 1119 970 1158 indicentur,
1002 1128 1035 1151 et
1058 1131 1146 1163 quae
1170 1132 1283 1152 rerum
1308 1120 1359 1153 sa-

219 1182 283 1216 cies
319 1182 383 1215 sub
421 1180 490 1214 hoc
522 1181 690 1214 velamine
724 1190 940 1223 contegatur,
987 1181 1031 1213 ad
1061 1180 1233 1225 liquidum
1264 1176 1360 1222 scire,

216 1243 319 1288 ipsius
342 1251 426 1287 puto
453 1254 521 1275 esse
537 1243 644 1276 sancti
658 1241 814 1288 Spiritus,
841 1242 899 1288 qui
913 1242 997 1275 haec
1012 1241 1152 1275 inscribi
1168 1241 1360 1287 inspiravit:

219 1315 250 1338 et
263 1304 408 1338 Domini
423 1303 530 1337 nostri
546 1303 628 1338 Jesu
647 1304 784 1343 Christi,
809 1303 867 1348 qui
886 1305 928 1337 de
943 1304 1042 1338 Mose
1059 1303 1211 1337 dicebat:
1235 1304 1307 1344 „de
1322 1303 1360 1346 ὃ)

218 1380 273 1400 me
297 1366 387 1400 enim
412 1366 470 1399 ille
492 1366 673 1411 scripsit:“
709 1374 740 1399 et
764 1365 1008 1410 omnipotentis
1039 1364 1122 1404 Dei,
1154 1363 1248 1411 cujus
1277 1378 1361 1398 con—

217 1428 330 1462 silium
357 1427 535 1482 antiquum
560 1427 713 1460 humano
740 1425 853 1469 generi
877 1439 950 1460 non
967 1427 1112 1467 nudum,
1136 1428 1196 1460 sed
1213 1428 1358 1460 velatum

217 1489 322 1523 literis
350 1488 529 1522 indicatur.
590 1489 661 1522 Nos
694 1497 807 1521 autem
839 1500 975 1521 oremus
1008 1501 1046 1520 ex
1078 1488 1184 1521 corde
1205 1488 1360 1522 Verbum

218 1550 296 1590 Dei,
322 1549 380 1594 qui
404 1558 451 1583 est
473 1549 665 1592 unigenitus
686 1548 766 1596 ejus,
792 1558 824 1582 et
848 1549 906 1594 qui
932 1549 1055 1582 revelat
1079 1558 1211 1594 patrem
1238 1551 1361 1596 quibus

218 1613 304 1651 vult,
327 1621 365 1644 ut
395 1619 427 1644 et
449 1611 550 1643 nobis
574 1611 657 1644 haec
681 1611 830 1644 revelare
855 1611 1028 1654 dignetur:
1054 1621 1131 1644 sunt
1155 1611 1245 1645 enim
1268 1612 1304 1645 in
1322 1611 1359 1658 4)

218 1673 269 1707 his
292 1672 597 1718 repromissionum
621 1671 789 1719 mysteria,
814 1684 901 1717 quae
925 1671 1118 1716 repromisit
1145 1672 1361 1715 diligentibus

218 1747 268 1769 se:
293 1743 358 1783 „ut
372 1733 409 1779 ⁵)
432 1733 576 1768 sciamus
601 1743 631 1767 et
655 1747 730 1775 nos,
755 1746 843 1779 quae
859 1747 877 1767 a
892 1735 970 1768 Deo
988 1734 1114 1767 donata
1129 1744 1208 1768 sunt
1227 1735 1360 1769 nobis.“

219 1797 288 1830 Sed
313 1805 345 1830 et
367 1809 425 1829 vos
448 1795 560 1842 juvate
583 1809 647 1829 nos
670 1795 706 1828 in
729 1795 959 1835 orationibus,
992 1805 1023 1829 et
1049 1795 1226 1838 diligenter
1247 1796 1358 1830 inten-

220 1857 305 1898 dite,
345 1871 417 1891 non
441 1867 509 1891 tam
540 1856 641 1891 nobis
673 1856 881 1896 dicentibus,
919 1869 1021 1902 quam
1045 1857 1201 1893 Domino
1232 1857 1359 1892 illumi-

316 2013 349 2057 ¹)
374 2014 499 2048 Jerem.
522 2013 624 2054 XIII,
647 2014 700 2049 17.

220 2068 348 2146 what)
375 2068 462 2146 (gd.
493 2071 599 2104 sancti
630 2070 840 2104 Theudorici
874 2071 1013 2115 (itemq.
1040 2072 1116 2105 edd.
1144 2071 1236 2116 M.):
1276 2084 1358 2112 „oc-

311 2169 347 2211 ³)
372 2169 432 2203 Ev.
458 2171 585 2205 Joann‚
610 2170 657 2210 V,
679 2170 734 2204 46.

310 2223 346 2267 4)
372 2224 458 2267 Edd.
484 2225 643 2258 Mei-lini:
668 2225 703 2258 in
728 2225 775 2259 iis.

310 2280 344 2322 ⁵)
372 2280 381 2310 l
410 2280 490 2314 Cor.
514 2280 564 2318 ΙΙ,
590 2280 644 2314 12.
