1427 2460
187 69 255 105 234
668 68 846 103 Omenms

189 161 306 199 habet,
332 168 364 191 et
388 172 460 192 non
485 171 620 203 parcas,
642 159 701 192 sed
726 159 878 192 interfice
904 171 1038 199 omnes,
1069 157 1095 192 'a
1120 159 1192 193 viro
1218 174 1323 206 usque

187 222 231 255 ad
256 221 446 258 mulierem,
472 230 504 253 et
525 221 696 264 parvulos,
719 230 752 254 et
777 220 954 260 lactentes,
978 230 1011 253 et
1034 230 1167 263 tauros,
1193 231 1225 255 et
1248 235 1320 265 gre-

186 297 240 326 ges
264 279 390 322 evium,
416 291 447 314 et
472 282 636 322 camelos,
663 292 694 315 et
717 281 836 315 asinos.
885 283 928 316 Et
952 283 1125 328 praecepit
1152 284 1234 318 Saul
1257 297 1324 329 po-

186 346 291 390 pulo,
326 354 358 376 et
381 336 527 388 inspexit
552 357 608 377 eos
633 343 666 376 in
693 343 825 377 Galaad
851 345 995 377 ducenta
1025 344 1132 379 millia
1155 346 1322 391 peditum,

185 417 218 440 et
247 406 310 440 tria
343 406 449 439 millia
481 405 634 439 virorum
660 419 699 439 ex
719 405 828 447 Juda;
861 415 894 438 et
917 407 1009 440 venit
1035 408 1119 441 Saul
1143 410 1185 441 ad
1210 408 1324 442 civita-

184 479 251 502 tein
279 468 460 507 Amalech,
492 476 523 501 et
546 468 686 501 insidias
710 467 824 513 posuit
854 468 889 501 in
913 469 1015 509 valle,
1049 479 1080 503 et
1104 470 1148 503 ait
1172 471 1256 504 Saul
1279 471 1323 504 ad

186 531 349 564 Cineum:
375 531 460 563 vade
484 538 533 569 tu,
557 537 590 562 et
614 529 750 562 discede
776 531 819 563 de
835 530 951 563 medio
969 531 1143 571 Amalech,
1166 520 1210 565 ne
1234 533 1324 566 forte

185 602 217 625 et
233 602 277 626 au
301 591 469 638 adjiciaris
486 590 520 635 Ι)
557 605 635 624 cum
660 591 746 636 ipso.
805 592 860 625 Tu
885 592 975 625 enirn
1001 593 1107 627 fecisti
1129 593 1323 628 misericor-

185 654 276 688 diam
291 668 369 688 cum
383 653 541 687 omnibus
561 653 638 687 filiis
651 653 765 694 Israel,
791 668 868 687 cum
895 655 1141 689 adscenderent
1165 657 1208 689 de
1233 665 1322 693 terra

183 716 338 763 Aegypti.
384 715 429 748 Et
453 715 601 748 discessit
626 714 751 750 Cineus
775 718 818 749 de
842 716 956 750 medio
983 718 1159 759 Amalech,
1188 727 1220 751 et
1244 731 1322 763 per-

183 779 283 813 cussit
311 777 395 811 Saul
427 777 610 816 Amalech,
649 778 691 810 ab
721 778 881 822 Evilat2)
904 791 1010 823 usque
1042 778 1129 820 Sur,
1164 791 1251 824 quae
1274 789 1322 812 est

183 850 301 874 contra
333 839 456 873 faciem
492 840 646 884 Aegypti.
691 840 736 873 Et
767 841 858 885 cepit
883 838 975 883 Agag
1013 853 1126 883 regem
1149 841 1321 875 Amalech

182 902 313 942 vivum,
342 890 378 935 *et
408 914 546 934 omnem
577 902 748 945 populum
781 901 850 948 ejus
889 902 1182 936 anathematizavit
1204 902 1240 936 in
1261 915 1320 936 ore

183 964 294 1008 gladii.
340 964 384 997 Et
408 962 562 1009 pepercit
587 963 669 996 Saul
694 973 726 996 et
749 965 901 1009 populus
928 965 997 1006 regi
1024 965 1126 1006 Agag,
1152 973 1184 996 et
1206 977 1318 998 serva-

181 1027 226 1060 vit
251 1039 371 1069 omne,
405 1026 500 1070 quod
523 1026 657 1058 bonum
683 1035 753 1058 erat
777 1039 814 1057 ex
846 1026 965 1060 ovibus
988 1035 1021 1058 ct
1044 1026 1175 1065 bobus,
1205 1026 1264 1058 sed
1289 1034 1321 1059 et

182 1101 269 1133 quae
292 1088 438 1120 secunda
464 1097 557 1120 erant
590 1100 628 1119 ex
653 1086 813 1119 omnibus
841 1088 1024 1131 pecoribus
1048 1086 1166 1127 bonis,
1197 1096 1231 1120 et
1252 1101 1318 1120 no-

181 1152 321 1184 luerunt
345 1163 382 1183 ea
408 1148 640 1187 exterminare,
664 1149 722 1181 sed
742 1162 856 1188 omne,
880 1150 973 1194 quod
998 1149 1063 1182 fuit
1087 1148 1320 1182 contemtibile

182 1224 215 1247 et
252 1214 465 1258 despectum,
502 1211 568 1243 hoc
605 1209 981 1243 anathematizaverunt.
1047 1209 1093 1243 Et
1130 1212 1237 1245 factus
1272 1220 1321 1245 est

181 1288 292 1310 sermo
317 1272 462 1306 Domini
487 1274 530 1305 ad
555 1272 751 1305 Samuelem
776 1271 908 1305 dIcens:
948 1272 1102 1316 poenitet
1131 1286 1205 1312 me,
1240 1273 1319 1318 quia

180 1336 334 1371 tinxerim
360 1336 442 1368 Saul
466 1335 500 1367 in
525 1338 669 1376 regem.“
707 1334 751 1366 Et
774 1333 830 1366 hic
855 1347 934 1376 ergo
961 1335 1113 1374 observa,
1138 1335 1318 1379 quomodo

181 1401 276 1432 Deus
306 1410 369 1443 per
397 1396 601 1441 prophetam
639 1394 708 1437 regi
740 1395 823 1428 Saul
862 1395 1044 1440 praecipit,
1081 1405 1119 1428 ut
1152 1406 1319 1441 expugnet

182 1460 357 1501 Amalech,
383 1468 414 1491 et
437 1470 508 1489 non
531 1465 648 1501 parcat
671 1455 831 1501 cuiquam
858 1470 895 1489 ex
919 1457 978 1490 iis:
1011 1466 1044 1490 et
1068 1457 1234 1502 quoniam
1256 1470 1318 1502 pe-
1369 1460 1372 1465 ¹

179 1522 288 1570 percit
311 1522 380 1563 regi
402 1519 567 1552 Amalech
583 1520 685 1560 Agag,
709 1520 878 1551 offensam
901 1518 1045 1551 incurrit
1066 1517 1319 1564 inexpiabilem,

179 1587 224 1620 ita
249 1594 286 1617 ut
313 1597 352 1616 eo
377 1594 484 1626 usque
508 1590 722 1625 permoveret
746 1580 878 1619 Deum,
911 1590 947 1613 ut
973 1590 1109 1620 contra,
1134 1594 1238 1626 quam
1263 1594 1316 1615 re-

181 1647 262 1693 cipit
284 1646 340 1678 illa
365 1653 494 1682 natura,
517 1643 659 1675 diceret:
687 1642 908 1688 ‚,poenitet³)
934 1655 998 1681 me,
1024 1643 1119 1687 quod
1139 1642 1220 1676 unxi
1234 1644 1316 1678 Saul

180 1711 216 1744 in
239 1710 385 1751 regemf‘
431 1706 512 1739 Non
540 1717 618 1746 ergo
644 1704 777 1747 expedit
799 1704 900 1738 nobis
923 1717 1063 1749 parcere
1085 1705 1146 1746 illi,
1172 1706 1231 1750 qui
1255 1707 1315 1739 de—

181 1772 285 1805 clinat
308 1769 497 1815 populum,
529 1768 580 1799 vel
605 1766 762 1807 ablingit,
789 1776 821 1799 et
845 1767 1001 1800 devorat:
1039 1766 1089 1800 illi
1113 1767 1240 1801 scilicet
1261 1767 1314 1801 in—

180 1831 302 1867 visibili
326 1827 509 1869 Amalech,
548 1828 606 1873 qui
639 1828 831 1862 volentibus
855 1829 1061 1862 adscendere
1084 1829 1128 1861 de
1150 1831 1315 1877 Aegypto,

180 1905 212 1928 et
236 1896 278 1927 de
301 1892 423 1925 mundi
447 1889 548 1936 hujus
571 1891 711 1924 evadere
734 1890 900 1929 tenebris,
923 1899 1023 1935 atque
1047 1891 1092 1923 ad
1113 1900 1236 1925 tertam
1260 1905 1315 1925 re-

179 1954 413 2001 promissionis
438 1954 655 1992 adscendere,
679 1951 799 1985 resistit
821 1952 857 1984 in
881 1953 952 1992 via,
977 1962 1010 1986 et
1033 1953 1210 1998 impugnat
1231 1967 1314 1987 nos:

275 2118 310 2159 ¹)
335 2116 422 2148 Cod.
448 2114 682 2159 Corbejensis:
708 2139 727 2154 ,‚
738 2108 914 2159 adjiciaris.
925 2119 944 2134 “
989 2114 1082 2148 Libri
1107 2114 1188 2148 editi
1212 2114 1260 2160 (v.
1284 2128 1313 2151 c.

181 2164 255 2196 edd.
282 2162 367 2205 M.):
392 2159 611 2204 ,‚dejiciaris.“
646 2159 687 2192 R.
1359 2197 1369 2206 Ἰ

272 2218 309 2260 ²)
336 2216 416 2250 Mss.
431 2215 595 2255 ,‚Evilat.“
619 2215 713 2248 Libri
727 2214 806 2248 editi
818 2215 865 2260 (v.
882 2216 992 2249 c.edd.
1004 2214 1090 2259 Μ.);
1106 2239 1115 2255 ,
1156 2213 1259 2260 jula.“
1272 2214 1311 2247 R.

273 2273 309 2315 3)
336 2272 349 2304 Ι
376 2273 466 2305 Sam.
493 2271 570 2310 XV,
595 2273 647 2306 11.
673 2271 708 2315 (I
731 2271 854 2315 Regg.)
