1427 2460
335 85 373 108 m
396 75 576 108 Nummos
599 73 760 107 Homrtm
786 73 911 107 XXVI.
1137 78 1205 112 323

69 165 203 199 dicebat
227 166 261 199 in
287 176 433 209 corpore
455 163 584 208 positos
609 163 732 197 Mosen
759 173 789 196 et
805 164 1007 209 prophetas:
1032 167 1089 199 sed
1110 167 1201 207 haec,

67 241 154 274 quae
177 240 239 272 per
260 227 385 260 Mosen
410 225 539 270 Spiritu
553 225 621 258 Dei
645 225 794 259 dictante
817 227 939 272 scripta
965 236 1053 269 sunt,
1075 227 1198 262 Mosen

47 302 106 322 -ea
129 287 325 322 nominavit.
373 286 473 320 Dicat
497 300 576 329 ergo
601 287 740 333 aliquis:
777 302 855 322 cum
886 289 970 322 haec
999 289 1044 323 ita
1076 290 1198 334 scripta

65 351 142 391 sint,
165 350 191 384 si
217 349 390 382 Abraham
414 362 469 382 me
494 350 535 382 ad
550 349 656 383 Mosis
682 350 770 383 dicta
793 350 1004 390 transmittat,
1028 360 1065 383 ut
1086 351 1198 394 legens

64 425 103 446 ea
126 412 254 457 possim
278 412 376 445 illum
406 412 523 444 locum
557 412 696 445 evadere
729 421 1000 452 tormentorum,
1030 413 1113 457 quid
1145 426 1201 446 me

64 472 194 518 juvabit
219 474 262 506 ad
288 473 517 515 effugiendam
540 474 747 515 gehennam,
775 473 802 506 si
826 473 993 516 legam‚¹)
1019 476 1198 518 quomodo

62 534 123 569 filii
145 535 282 575 Ruben,
307 545 339 568 et
362 535 421 568 filii
448 534 544 575 Gad,
570 545 601 568 et
625 535 766 569 dimidia
790 535 897 569 tribus
920 535 1094 576 Manasse,
1118 536 1198 569 hae-

61 595 238 646 reditatem
263 597 402 641 capiunt
426 610 442 629 a
469 597 567 630 Mose
590 605 682 630 trans
705 596 906 636 Jordanem,
930 598 1009 642 quia
1025 607 1120 631 erant
1135 597 1198 631 illis

62 670 190 702 pecora
213 659 320 692 multa
343 671 425 703 prae
450 658 565 692 ceteris
588 658 762 699 tribubus,
795 667 827 691 et
857 659 935 703 quia
968 659 1048 692 dicit
1072 661 1116 692 ad
1141 671 1197 692 eos

61 720 194 754 Moses:
226 720 354 760 videte,
385 733 430 753 ne
453 720 657 753 exacerbetis
675 720 810 759 Deum,
831 719 918 754 sicut
940 728 973 752 et
994 718 1044 751 illi
1068 719 1197 758 decem,

60 780 119 826 qui
150 780 242 815 missi
271 791 352 816 sunt
374 794 450 814 cum
476 782 556 815 Jesu
583 790 615 814 et
641 781 746 815 Caleb
778 782 954 827 explorare
983 789 1128 819 terram,
1165 789 1196 813 et

60 841 238 884 dicebant,
275 843 353 888 quia
377 853 465 876 terra
488 843 562 876 talis
587 852 619 876 et
649 843 723 876 talis
756 851 822 883 est,
852 853 883 877 et
912 854 985 875 non
1015 855 1195 887 possumus

58 916 131 936 eam
157 916 286 948 capere.
331 905 377 938 Et
408 905 487 949 quia
521 905 564 937 ad
595 905 678 938 haec
702 905 952 949 responderunt
975 903 1035 937 filii
1058 904 1195 943 Ruben,

58 974 90 998 et
114 966 216 999 ceteri
241 979 318 999 cum
343 965 440 1011 ipsis:
473 967 515 999 da
541 966 641 1000 nobis
664 975 788 1000 terram
813 966 918 1007 hanc,
951 975 983 999 et
1005 966 1193 999 haeredita-

55 1034 124 1059 tem
150 1025 240 1073 ejus,
275 1036 308 1061 et
338 1041 410 1061 non
435 1041 635 1073 quaeremus
658 1028 726 1073 jam
751 1027 837 1061 intra
860 1027 1051 1061 ,Iordanem
1076 1027 1195 1060 haere-

55 1087 166 1121 ditatis
188 1097 314 1121 terram
339 1103 417 1122 cum
447 1090 608 1123 fratribus
633 1089 772 1123 nostris:
804 1089 862 1122 sed
886 1089 942 1122 hic
965 1088 1194 1133 relinquemus

56 1148 208 1193 jumenta
231 1159 366 1190 nostra,
397 1160 428 1184 et
461 1151 608 1185 sarcinas
638 1161 786 1190 nostras,
818 1158 851 1183 et
872 1149 1028 1183 mulieres
1052 1159 1194 1190 nostras,

56 1219 88 1243 et
120 1210 266 1244 infantes
300 1221 454 1254 nostros,
491 1212 551 1254 viri
588 1222 700 1246 autem
734 1211 844 1245 nostri
875 1211 976 1244 ibunt
1002 1211 1129 1256 pariter
1163 1221 1194 1244 et

55 1271 248 1306 transibunt
269 1272 469 1307 Jordanem.
505 1273 551 1306 Et
575 1274 653 1319 quia
678 1283 755 1319 post
779 1274 863 1307 haec
875 1273 990 1306 Moses
1016 1285 1192 1306 commen-

56 1334 114 1367 dat
137 1347 196 1368 eos
220 1335 301 1368 Jesu
325 1335 400 1368 filio
413 1336 517 1375 Nave,
543 1345 574 1368 et
590 1336 754 1369 Eleazaro
777 1334 946 1369 sacerdoti
969 1334 1040 1367 filio
1059 1335 1191 1375 Aaron,

53 1396 117 1429 sub
150 1408 189 1428 ea
221 1405 336 1429 tamen
371 1396 591 1438 conditione,
627 1407 664 1431 ut
688 1405 861 1431 transeant
886 1395 1065 1444 cum⁴filiis
1090 1396 1191 1430 Israel

53 1466 87 1491 et
109 1467 262 1503 pugnent
285 1472 363 1492 cum
388 1457 427 1492 iis
454 1460 612 1492 adversus
635 1459 765 1499 hostes,
794 1457 853 1503 qui
877 1466 974 1491 erant
996 1465 1088 1491 trans
1110 1458 1193 1491 Jor-

54 1519 195 1559 danem,
228 1520 341 1553 donec
374 1520 539 1554 liberetur
570 1521 613 1553 ab
643 1521 682 1555 iis
714 1530 822 1560 terra,
855 1528 887 1553 et
918 1528 1000 1552 tunc
1025 1519 1193 1564 accipiant

51 1589 189 1621 terram,
213 1594 317 1626 quam
341 1592 584 1627 poposcerunt,
609 1583 694 1625 regis
719 1583 812 1616 Seon
836 1591 868 1615 et
891 1580 976 1623 regis
995 1580 1066 1623 Og:
1089 1589 1191 1625 atque

51 1641 130 1687 ipsis
159 1641 241 1676 solis
269 1655 333 1687 per
363 1642 488 1676 Mosen
519 1644 619 1676 detur
650 1643 839 1677 haereditas
868 1651 959 1675 extra
989 1642 1190 1682 Jordanem,

53 1703 171 1738 ceteris
193 1713 305 1737 autem
330 1704 494 1737 omnibus
516 1717 578 1749 per
599 1706 717 1739 Jesum
740 1704 828 1737 intra
845 1704 1044 1738 son-danem.
1089 1703 1190 1737 Dicet

52 1776 132 1806 ergo
151 1764 289 1810 aliquis:
314 1765 397 1810 quid
421 1765 480 1799 ista
504 1775 650 1811 prosunt
671 1768 715 1800 ad
739 1767 824 1806 hoc,
848 1765 944 1810 quod
969 1764 1052 1798 dixit
1073 1765 1190 1798 Abra-

51 1825 150 1859 ham:
173 1826 369 1871 „habent²)
386 1827 510 1861 Mosen
535 1836 568 1860 et
584 1828 788 1873 prophetas:
813 1826 954 1861 audiant
974 1826 1092 1860 illos:“
1118 1839 1187 1871 quo

9 1922 14 1926 ,
53 1887 181 1921 scilicet
202 1888 285 1922 haec
309 1889 453 1930 legentes
486 1898 519 1922 et
548 1889 738 1928 audientes,
770 1889 808 1922 in
839 1890 956 1922 locum
986 1888 1084 1921 illum
1114 1901 1187 1921 non

52 1949 233 1984 deveniant
254 1949 531 1984 tormentorum?
578 1951 672 1984 Haec
695 1959 807 1985 autem
832 1949 987 1990 diximus,
1010 1949 1188 1983 excitantes

53 2011 184 2045 animos
209 2012 436 2052 audientium,
466 2021 504 2045 ut
526 2011 714 2054 vigilantius
735 2011 790 2052 iis,
821 2024 908 2057 quae
930 2012 1106 2054 leguntur,
1136 2012 1187 2044 vel

54 2072 231 2113 dicuntur,
263 2072 460 2115 intendant,
493 2083 525 2106 et
555 2073 590 2106 in
625 2073 731 2107 Mosis
760 2073 864 2108 literis
899 2082 1034 2107 remoto
1071 2072 1187 2106 literae

151 2246 185 2287 ¹)
211 2244 281 2278 Cfr.
309 2246 409 2279 Num.
432 2245 576 2279 XXXII.
674 2245 711 2288 ²)
737 2245 817 2278 Luc.
842 2244 936 2285 XVI,
959 2245 1012 2281 19.

867 2306 932 2339 ⁵21*
