1427 2460
236 116 303 149 300
714 114 890 146 OffloENts

237 204 335 238 saciet
368 206 493 242 homo,
531 205 556 236 si
587 213 691 236 >emet
718 203 828 246 ipsum
864 206 985 235 ullerat
1019 203 1114 242 Deo,
1151 205 1204 235 eui
1236 204 1306 247 ipse
1336 218 1369 237 sc

234 266 332 311 prior
362 265 488 299 obtulit
518 263 634 296 Deus?
671 263 706 296 Si
738 278 816 305 ergo
843 265 939 297 tollas
964 278 1098 297 crucem
1125 274 1232 304 tuam,
1263 274 1294 297 et
1318 279 1366 298 se-

237 327 348 372 quaris
373 326 560 359 Christum:
585 324 612 358 si
637 325 745 357 dicas:
770 324 863 364 „vivo
885 326 918 369 ¹)
944 335 1075 365 autem,
1108 325 1173 371 jam
1199 340 1270 359 non
1296 340 1368 369 ego,

779 391 797 405 “
829 388 854 419 si
891 389 1057 421 desideret
1090 397 1123 420 et
1147 389 1234 421 sitiat
1257 388 1368 421 anima

235 388 313 422 xix-it
341 402 421 420 vero
454 388 488 421 in
518 400 573 419 me
600 386 769 419 Christus:

233 460 350 483 nostra
381 449 508 489 redire,
546 458 578 482 et
610 461 679 481 esse
710 461 786 479 cum
820 447 974 489 Christo,
1005 449 1091 482 sicut
1121 460 1151 482 et
1183 451 1368 494 Apostolus

233 511 387 552 dicebat,
417 520 449 543 et
471 509 654 556 praesentis
677 510 801 543 saeculi
825 522 897 542 non
925 511 1110 543 delectetur
1125 510 1162 556 ²)
1190 510 1368 551 illecebris,

233 583 268 606 et
290 573 316 607 si
342 586 483 606 omnem
506 573 624 614 legem,
649 585 736 616 quae
761 572 803 604 de
828 572 1004 605 Nazaraeis
1030 573 1106 605 data
1131 582 1189 612 est,
1211 572 1366 617 spiritua-

232 635 310 668 liter
339 635 499 679 impleat,
530 643 610 666 tnnc
643 643 749 667 semet
771 634 901 677 ipsum,
933 634 967 666 id
993 645 1061 674 est,
1093 634 1241 667 animam
1261 648 1370 673 suam,

233 698 358 730 obtulit
380 696 470 729 Deo.
525 695 596 741 Qui
624 695 659 728 in
694 695 841 728 castitate
870 695 964 735 vivit,
1001 709 1126 740 corpus
1155 709 1253 729 suum
1280 695 1369 729 vovit

227 751 310 792 *Deo
343 760 530 792 secundum
565 771 661 797 eum,
693 758 752 801 qui
777 757 875 790 dixit:
905 757 1020 799 „virgo
1038 758 1074 803 ³)
1100 767 1212 790 autem
1236 759 1369 799 cogitat,

233 822 413 865 quomodo
451 821 492 854 sit
524 829 638 852 sancta
670 832 817 863 corpore
849 827 880 851 et
910 818 1063 864 spiritu.“
1117 820 1203 852 Nam
1238 829 1270 852 et
1301 819 1367 851 ltoe

230 882 362 926 ipsum,
387 882 482 927 quod
508 881 590 914 dixit
613 885 779 921 „sancta¹‘,
803 880 845 912 ad
871 880 938 913 hoc
961 881 1114 925 respicit:
1145 881 1251 914 sancti
1276 881 1366 913 enim

232 943 392 978 dicuntur
414 943 480 984 illi,
505 943 562 988 qui
585 937 810 976 se'voverunt
833 941 923 974 Deo.
971 942 1074 975 Unde
1098 953 1129 976 et
1151 943 1246 983 aries,
1274 943 1367 976 verbi

233 1019 349 1046 eausa,
371 1006 397 1039 si
422 1014 564 1038 vovetur
587 1005 683 1043 Deo,
714 1013 847 1037 sanctus
873 1004 1079 1048 appellatur,
1105 1018 1204 1049 quem
1232 1006 1366 1038 tonderi
1395 1025 1406 1030 -

231 1068 275 1100 ad
307 1081 508 1100 communes
539 1080 618 1099 usus
648 1079 721 1098 non
745 1065 833 1098 lieet.
882 1065 951 1098 Sed
976 1075 1008 1098 et
1031 1065 1151 1098 vitulus
1174 1065 1201 1098 si
1226 1066 1368 1098 devotus

231 1129 335 1162 suerit
354 1129 443 1168 Deo,
466 1137 600 1161 sanctus
623 1127 847 1160 nihilominus
874 1127 1076 1171 appellatur,
1103 1139 1165 1159 nee
1188 1127 1271 1161 lieet?
1287 1140 1365 1159 eum

231 1189 326 1236 jungi
354 1190 389 1223 in
422 1204 508 1235 opus
540 1203 734 1223 commune.
789 1188 838 1220 Ex
863 1188 901 1222 iis
926 1202 1004 1230 ergo
1031 1188 1250 1229 colligamus,
1284 1187 1366 1232 quid

231 1262 295 1292 est,
326 1251 502 1285 hominem
527 1265 563 1289 se
587 1252 699 1296 ipsum
723 1263 845 1284 vovere
869 1250 957 1284 Deo.
1007 1249 1044 1283 Si
1067 1259 1099 1282 te
1126 1250 1256 1283 voveris
1279 1249 1368 1289 Deo,

231 1314 414 1347 imitandus
446 1313 505 1346 tibi
538 1323 584 1346 est
608 1313 749 1353 vitulus,
782 1326 881 1357 quem
906 1326 979 1345 non
1004 1312 1081 1345 licet
1106 1310 1260 1345 humanis
1284 1324 1366 1356 ope—

231 1376 338 1421 ribus·
363 1375 548 1415 deservire,
585 1374 672 1407 nihil
704 1376 832 1412 facere,
872 1374 967 1418 quod
1000 1375 1043 1406 ad
1076 1373 1229 1406 homiues
1261 1383 1292 1405 ct
1324 1374 1365 1404 ad

230 1447 443 1483 praesentem
484 1437 651 1481 pertineat
681 1435 791 1469 vitam.
847 1435 915 1468 Sed
948 1435 1112 1479 quicquid
1143 1435 1187 1466 ad
1219 1434 1366 1466 animam

231 1499 394 1544 pertinet,
427 1508 458 1531 et
489 1499 532 1531 ad
564 1497 667 1531 divini
691 1498 800 1530 cultus
825 1496 1092 1538 observantiam,
1117 1497 1184 1529 hoe
1210 1505 1241 1528 et
1265 1509 1365 1538 :ngen-

231 1563 314 1595 dum
340 1571 371 1594 et
394 1560 612 1602 cogitandum
639 1559 698 1592 tibi
723 1569 778 1592 est.

319 1625 352 1659 3.
389 1623 457 1655 Sed
486 1621 622 1654 interim
654 1634 812 1665 praeseus
844 1619 945 1652 lectio
978 1619 1130 1652 continet
1160 1619 1365 1651 diversitates

233 1686 395 1730 quasdam
420 1693 579 1717 votorum
633 1683 770 1715 Etenim
803 1682 829 1714 si
855 1682 903 1714 vir
926 1680 1044 1721 suerit,
1077 1680 1134 1724 qui
1158 1681 1258 1720 vovit,
1282 1680 1367 1713 liber

233 1762 302 1780 esse
327 1746 451 1779 dicitur
473 1746 508 1778 in
533 1745 616 1778 votis
639 1744 723 1784 suis,
754 1744 907 1787 nullique
931 1741 1111 1787 subjectus.
1157 1740 1284 1775 Blulier
1307 1756 1366 1774 nu-

232 1820 299 1842 tem
333 1808 359 1842 si
384 1818 519 1847 voveat,
550 1806 575 1839 si
602 1805 738 1852 quidem
765 1805 798 1837 in
826 1807 932 1838 dumo
957 1803 1059 1849 patris
1083 1803 1134 1837 sui
1158 1803 1218 1843 sit,
1248 1814 1364 1836 votum

234 1870 305 1915 ejus
335 1869 369 1901 in
402 1868 502 1911 patris
533 1871 660 1912 pendet
691 1866 849 1900 arbitrio:
882 1877 914 1899 et
938 1867 962 1900 si
989 1865 1125 1910 quidem
1152 1865 1209 1898 ille
1233 1878 1365 1897 recusa-

235 1930 335 1970 xerit,
371 1930 579 1963 liberabitur.
634 1930 669 1962 Si
701 1944 780 1962 veru
813 1944 882 1961 nun
916 1926 1136 1967 recusaverit,
1161 1935 1200 1959 ‘et
1232 1926 1303 1970 ipse
1335 1937 1364 1958 et

233 1993 301 2024 lilia
335 2001 492 2024 tenentur
517 1991 666 2024 obnoxii.
716 1991 822 2035 Quod
848 1992 888 2031 si,
920 1999 1138 2035 posteaquam
1165 2001 1235 2021 non
1264 2002 1359 2020 resu—

233 2055 353 2087 saverit
385 2063 498 2099 pater,
529 2067 600 2087 non
628 2052 815 2087 reddiderit
839 2061 955 2084 votum
986 2051 1074 2090 filia,
1103 2059 1279 2095 peceatum
1304 2050 1365 2094 ipsi

234 2125 357 2148 manet.
403 2114 568 2149 Similiter
598 2125 709 2148 autem
735 2124 766 2147 et
791 2126 866 2156 erga
892 2114 1047 2146 maritum
1074 2111 1286 2152 decernitur,
1318 2119 1366 2150 ut,

332 2245 366 2287 ¹)
391 2244 501 2277 Galat.
527 2244 568 2283 ll,
589 2245 643 2277 20.
739 2243 774 2285 Ξ)
798 2243 860 2276 Ed.
888 2243 1011 2275 l'umei:
1037 2241 1219 2274 delectatur

327 2300 364 2344 ³)
389 2301 402 2333 I
429 2299 508 2333 Cor.
536 2299 609 2337 Vll,
633 2299 674 2332 32
1246 2294 1254 2305 ⁴
