1427 2460
224 91 270 126 62
708 91 885 126 Omenms

225 181 407 228 exspuisset
428 181 464 215 in
488 181 609 215 faciem
635 181 715 228 ejus,
741 184 952 217 erubesceret
965 191 1094 227 septem
1117 181 1261 218 diebus?
1285 184 1361 219 Ma·

223 245 307 278 riam
332 244 412 277 loco
436 256 624 289 synagogae
646 244 832 288 posuimus,
855 243 934 277 huic
959 244 1088 289 exspuit
1110 255 1206 289 pater
1230 245 1301 292 ejus
1324 247 1361 280 in

222 306 356 340 faciem.
403 304 544 345 Signum
569 305 704 350 repudii
728 315 773 339 est
796 306 831 339 in
855 305 977 339 faciem
1001 306 1155 349 conspui.
1201 307 1362 353 Denique

221 367 257 400 in
282 369 353 408 lege
383 366 548 410 scriptum
585 375 650 406 est,
674 366 735 399 ubi
758 366 913 413 jubetur,
946 377 983 401 ut
1006 367 1190 413 relictae1)
1213 369 1362 414 proximi

221 428 396 473 proximus
420 428 539 468 nubat,
563 429 590 462 si
615 429 758 462 voluerit
773 429 946 474 proximus
960 430 1139 474 repudiare
1154 429 1360 475 conjugium,

222 501 260 524 ut
288 491 506 524 discalceatus
536 489 571 522 in
602 490 723 523 faciem
758 501 982 535 conspuatur,
1013 501 1044 524 et
1074 492 1141 525 hoc
1173 492 1289 524 datum
1315 502 1363 526 est

222 554 313 586 velut
335 552 466 594 signum
492 551 634 596 repudii.
683 551 774 585 Hinc
807 565 884 594 ergo
909 552 1035 592 illaria,
1060 553 1096 586 id
1121 562 1187 594 est,
1209 555 1360 598 populus

222 615 280 648 ille
317 627 394 646 cum
427 613 626 658 repudiatur
657 626 675 646 a
700 613 797 656 Des),
832 614 975 659 conspui
1007 614 1043 648 in
1075 614 1194 648 faciem
1227 614 1360 648 dicitur.

221 676 398 709 Habemus
429 685 461 708 et
491 675 527 708 in
561 675 627 707 alio
652 674 732 707 loeo
759 674 1016 716 significantiam
1039 675 1147 721 sputi,
1178 689 1255 709 cum
1280 675 1362 709 dicit

220 737 354 771 Esaias:
379 749 519 776 „omnes
532 735 569 780 ²)
593 746 705 778 gentes
729 737 815 770 sicut
837 746 928 779 gutta
952 737 1087 778 situlae,
1120 747 1152 771 et
1172 737 1259 771 sicut
1280 751 1361 782 spu-

221 809 296 833 tum
319 808 494 843 reputatae
516 802 624 832 sunt.“
665 798 867 832 Ostenditur
879 811 958 841 ergo
977 799 1012 843 iu
1037 800 1114 840 hoc,
1138 800 1234 844 quod
1259 798 1361 832 etiam

221 862 373 907 populus
397 861 455 893 ille
476 860 561 893 sicut
593 868 704 902 gentes
729 869 877 902 ceterae,
909 874 995 905 quae
1028 870 1066 894 ut
1094 870 1234 906 sputum
1257 874 1360 906 repu-

221 932 348 964 tantur,
373 920 522 968 abjectus
548 930 602 955 est.
644 921 690 955 Et
721 934 835 954 revera
859 921 886 955 si
912 922 1104 956 consideres
1127 923 1296 956 honorem
1319 923 1362 968 5¹?

221 987 294 1020 lum
324 985 496 1030 priorem,
535 997 613 1017 cum
645 982 850 1028 pontificalis
881 985 973 1028 apud
998 997 1053 1017 eos
1086 985 1173 1017 ordo
1206 984 1360 1025 florebat,

222 1060 301 1081 curn
324 1044 466 1088 insignia
489 1046 724 1083 sacerdotum,
758 1058 836 1078 cum
866 1044 1012 1078 Levitica
1042 1045 1245 1086 ministeria,
1281 1059 1359 1080 cum

221 1107 375 1155 majestas
397 1107 536 1151 templi,
572 1120 649 1139 cum
673 1106 884 1151 prophetalis
909 1107 1089 1151 splendor,
1121 1116 1154 1140 et
1177 1120 1255 1140 cum
1280 1119 1360 1140 coe-

221 1171 358 1204 lestibus
381 1182 484 1214 super
507 1178 632 1201 terram
658 1167 836 1201 consortiis
857 1169 1050 1207 utebantur,
1075 1167 1148 1212 quis
1166 1169 1283 1201 honor
1295 1168 1360 1202 fuit

221 1231 305 1264 ille?
339 1230 438 1275 Quae
462 1229 594 1272 gloria?
625 1229 672 1262 Et
693 1242 828 1263 rursum
851 1229 878 1262 si
899 1243 993 1262 nunc
1017 1228 1201 1274 adspicias,
1232 1239 1359 1274 quanto

223 1295 393 1327 dedecore
416 1293 634 1332 horrescant,
657 1291 730 1325 sine
753 1292 896 1336 templo,
930 1291 1002 1325 sine
1026 1291 1138 1330 altari,
1161 1291 1234 1324 sine
1258 1290 1361 1324 sacri-

222 1355 312 1394 ficio,
335 1355 407 1387 sine
429 1353 608 1397 propheta,
630 1352 704 1385 sine
726 1353 937 1392 sacerdotio,
959 1353 1030 1386 sine
1053 1352 1124 1385 ulla
1152 1351 1287 1385 coelesti
1309 1351 1359 1384 vi-

221 1417 388 1455 sitatione,
411 1414 551 1459 dispersi
574 1426 637 1458 per
661 1426 798 1446 omnem
821 1423 945 1446 terram
967 1413 1173 1457 profugique
1197 1413 1360 1446 viventes:

221 1478 295 1523 quis
324 1490 398 1510 non
429 1476 601 1509 evidenter
635 1484 811 1517 agnoscat,
849 1476 943 1519 quod
975 1474 1130 1519 conspuit
1152 1483 1251 1519 pater
1271 1474 1361 1508 illius

220 1539 258 1574 in
282 1538 403 1572 faciem
427 1536 508 1584 ejus,
534 1545 566 1569 et
588 1536 739 1581 perfudit
761 1537 891 1569 vultum
916 1548 1035 1568 eorum
1060 1534 1272 1578 ignominia?
1297 1535 1359 1569 Se-

221 1611 315 1647 ptem
340 1612 418 1641 ergo
445 1599 562 1632 diebus
594 1607 769 1642 separatur
793 1606 883 1630 extra
908 1607 1024 1631 castra.
1079 1596 1236 1630 Diximus
1260 1596 1360 1630 etiam

221 1663 258 1696 in
281 1661 525 1707 superioribus,
550 1661 643 1705 quod
668 1668 797 1703 septem
823 1659 892 1692 dies
907 1658 972 1699 isti,
995 1658 1219 1704 septimanam
1239 1657 1361 1692 mundi

220 1724 314 1758 istius
339 1722 521 1770 designent.
566 1721 606 1753 In
631 1719 866 1765 septimana3)
893 1720 983 1753 enim
1009 1720 1160 1759 dierum,
1188 1728 1362 1753 creaturae

221 1785 324 1820 totius
347 1783 484 1818 visibilis
509 1782 713 1817 substantiae
737 1782 895 1815 videntur
918 1795 987 1815 esse
1013 1782 1213 1826 productae.
1259 1781 1360 1814 Tune

223 1847 313 1881 enim
338 1858 424 1891 quae
446 1857 519 1878 non
544 1853 648 1884 erant,
672 1846 758 1877 facta
781 1851 869 1877 sunt.
926 1843 967 1876 In
990 1843 1177 1887 septimana
1201 1855 1280 1876 vero
1305 1852 1359 1876 to-

221 1909 286 1942 tius
310 1906 448 1947 mundi,
483 1915 610 1939 secreta
639 1906 787 1950 quadam
818 1914 850 1938 et
873 1904 951 1938 Deo
977 1904 1040 1937 soli
1066 1903 1199 1947 cognita
1222 1904 1358 1949 dispen-

221 1969 368 2009 satione,
405 1981 492 2013 quae
520 1977 601 2001 tunc
632 1967 802 2011 producta
832 1975 924 2006 sunt,
957 1965 1174 2011 explicantur.
1218 1965 1358 1998 Interim

221 2031 255 2064 in
281 2032 344 2063 hac
367 2029 564 2075 septimana,
589 2042 655 2074 qua
679 2037 883 2073 sequestrata
907 2037 956 2061 est
977 2026 1097 2068 Maria,
1119 2040 1191 2060 non
1216 2039 1358 2060 moven-

318 2138 354 2180 ι)
381 2136 467 2169 Cod.
492 2135 598 2168 sancti
621 2134 850 2168 Theoderici:
883 2134 1066 2175 „derelicta
1097 2132 1243 2178 proximi
1274 2146 1357 2177 pro-

221 2183 313 2217 ximo
344 2182 482 2214 nubat.“
542 2180 653 2212 Cod.-2.
683 2180 899 2213 Ebroicensis
929 2188 961 2212 et
990 2178 1220 2212 Belvacensis:
1256 2178 1356 2219 „reli-

223 2239 311 2262 ctam
335 2224 482 2271 proximi
506 2225 680 2270 proximus
703 2225 841 2258 nubat.“
863 2225 905 2258 R.

314 2281 352 2326 ²)
375 2280 474 2314 Jesai.
499 2280 571 2321 XL,
596 2281 648 2314 15.
742 2280 778 2324 ³)
805 2279 874 2314 Cfr.
901 2278 1022 2312 Genes.
1047 2279 1072 2311 Ι.
