1427 2460
192 95 236 128 14
676 91 853 126 Omonms

191 193 297 225 cetur,
321 196 408 229 quae
431 196 494 228 per
516 183 698 228 scripturas
714 183 841 217 divinas
862 182 1011 221 discitur,
1036 194 1122 227 quae
1138 195 1201 228 per
1223 182 1329 217 fidem

190 247 429 288 Evangelicam
456 255 487 279 et
510 247 745 290 Apostolicam
770 246 925 279 traditur.
978 244 1024 277 Et
1054 245 1133 278 ideo
1160 244 1260 285 dicit,
1289 254 1329 279 ut

190 309 239 342 illi
263 309 326 342 soli
350 316 590 347 numerentur,
623 307 681 352 qui
710 308 977 352 progrediuntur
1005 306 1041 340 in
1070 307 1191 340 virtute
1214 306 1327 340 Israel.

192 371 261 404 Sed
287 380 318 404 et
341 370 427 403 illud
452 369 715 408 consideremus,
740 370 822 413 quid
847 379 904 409 est,
930 370 1023 414 quod
1047 382 1118 401 non
1143 369 1265 408 statim,
1288 377 1328 401 ut

191 445 336 474 egressus
362 441 409 465 est
433 432 476 464 de
493 433 645 478 Aegypto
670 433 829 476 populus,
853 442 1062 465 numeratur.
1095 431 1218 464 Adhuc
1235 430 1326 463 enim

189 495 456 539 persequebatur
478 493 623 526 Pharao.
683 493 751 526 Sed
775 506 839 526 nec
864 507 941 526 cum
964 505 1059 526 mare
1082 494 1225 526 rubrum
1250 491 1326 536 qui—

190 557 268 588 dem
294 555 456 589 transiens
479 555 570 588 venit
592 555 626 588 in
653 556 832 595 desertum,
856 555 978 589 dicitur
1000 553 1182 587 numerari.
1228 553 1327 586 Non-

190 619 270 650 dum
299 617 387 650 enim
419 616 554 657 tentati,
594 618 750 650 nondum
786 617 828 649 ab
852 617 950 649 hoste
973 617 1106 649 fuerant
1127 613 1327 660 impugnati.

190 680 389 722 Confligunt
413 680 589 712 adversum
614 679 788 719 Amalech,
812 687 844 712 et
865 678 1015 712 vincunt.
1063 678 1134 712 Sed
1157 690 1221 710 nec
1243 685 1326 708 tunc

189 743 328 787 quidem
351 751 583 776 numerantur.
630 742 712 774 Non
736 740 827 775 enim
855 741 981 774 sufficit
1011 741 1055 773 ad
1078 738 1326 785 perfectionem

187 805 340 838 tendenti
363 817 431 836 una
454 804 603 837 victoria.
650 803 800 836 Mannae
815 803 987 847 accipiunt
1011 802 1137 842 cibum,
1163 810 1195 834 et
1218 811 1326 845 aquae

187 867 352 911 poculum
378 866 420 898 de
442 866 597 911 sequenti
620 866 782 898 hauriunt
804 875 917 911 petra:
941 866 1000 900 sed
1023 877 1135 909 neque
1155 872 1238 896 tunc
1260 875 1327 894 nu—

186 937 372 961 merantur.
430 927 597 961 Nondum
623 927 712 961 enim
738 927 773 961 in
797 928 848 961 his
875 941 922 968 ea,
963 940 1050 972 quae
1072 924 1223 959 numeris
1246 932 1324 968 apta

188 990 379 1029 ducuntur,
414 990 642 1022 adoleverant.
702 989 978 1023 Tabernaculum
1015 986 1202 1022 testimonii
1241 998 1325 1018 con-

187 1050 344 1090 struitur,
375 1052 434 1084 sed
457 1064 520 1084 nec
543 1051 579 1084 in
603 1052 671 1085 hoc
697 1052 835 1096 quidem
865 1051 1071 1100 numerandi
1093 1049 1217 1095 populi
1239 1057 1323 1080 tem-

185 1125 250 1156 pus
281 1112 423 1146 advenit.
479 1114 547 1146 Lex
577 1126 639 1158 per
668 1114 791 1147 BIosen
821 1115 938 1154 datur,
972 1112 1219 1146 sacrificiorum
1248 1121 1324 1158 mos

184 1174 340 1213 traditur,
364 1173 644 1218 purificationum
669 1175 750 1208 ritus
776 1177 927 1215 docetur,
950 1173 1256 1208 sanctificationum
1274 1171 1324 1203 le-

187 1248 240 1277 ges
271 1245 303 1268 et
330 1246 539 1270 sacramenta
573 1238 787 1278 conduntur,
821 1246 852 1270 et
883 1246 966 1270 tune
999 1237 1044 1269 ad
1076 1246 1259 1268 numerum
1286 1244 1325 1265 ex

185 1306 370 1342 praecepto
395 1298 462 1331 Dei
486 1301 636 1343 populus
661 1299 851 1333 ad'duciiur.
898 1297 1065 1332 Describe
1087 1298 1190 1337 haec,
1214 1308 1236 1329 o
1261 1307 1316 1327 au-

187 1359 288 1399 ditor,
310 1359 345 1392 in
371 1362 476 1393 corde
499 1369 560 1393 tuo
587 1360 777 1405 dupliciter,
803 1370 835 1394 et
849 1360 1034 1406 tripliciter.
1071 1358 1169 1398 Vide,
1195 1364 1322 1402 quanta

184 1421 248 1454 tibi
271 1423 476 1455 transeunda
500 1431 595 1462 sunt,
620 1432 744 1467 quanta
768 1423 962 1462 toleranda,
991 1430 1077 1466 quot
1099 1418 1323 1465 profectibus,

187 1491 272 1526 quot
294 1482 556 1524 tentationibus,
587 1494 671 1529 quot
701 1484 840 1529 proeliis
870 1484 1095 1529 pugnandum
1124 1482 1189 1515 tibi
1219 1490 1267 1514 est
1291 1488 1323 1513 et

184 1544 409 1584 vincendum,
446 1554 481 1578 ut
511 1546 617 1590 possis
642 1547 686 1579 ad
711 1546 863 1580 divinum
886 1558 1069 1578 numerum
1093 1544 1272 1591 pertinere,
1287 1542 1322 1585 ι)

184 1615 223 1638 ut
245 1606 282 1639 in
307 1616 470 1651 computo
496 1607 609 1652 aliquo
636 1608 790 1640 habearis
815 1609 907 1652 apud
924 1608 1049 1648 Deum,
1073 1616 1112 1640 ut
1133 1606 1221 1639 inter
1244 1617 1322 1638 san-

186 1676 253 1700 ctas
276 1668 384 1701 tribus
407 1669 625 1702 adnumerari
639 1669 675 1714 ²)
701 1669 820 1711 dignus
845 1669 1008 1709 habearis,
1032 1678 1071 1701 ut
1093 1667 1215 1701 visitari
1240 1679 1320 1711 pos-

184 1728 245 1769 sis,
269 1738 302 1762 et
324 1742 387 1775 per
409 1731 707 1769 Dei.sacerdotes‚
733 1733 851 1764 Aaron
875 1739 907 1763 et
931 1730 1072 1770 Mosen,
1096 1740 1322 1762 numerorum

185 1789 341 1824 censibus
372 1790 529 1825 adscribi.
591 1792 814 1837 Suscipienda
846 1792 908 1825 tibi
941 1801 988 1826 est
1017 1792 1132 1835 primo
1166 1791 1220 1823 lex
1243 1789 1321 1830 Dei,

183 1852 236 1883 lex
259 1851 404 1896 Spiritus
427 1853 541 1894 sancti,
565 1855 741 1888 offerenda
757 1853 930 1894 sacrificia,
954 1853 1142 1898 explendae
1159 1851 1319 1897 purifica-

183 1913 304 1953 tiones,
327 1916 519 1959 peragenda
544 1926 675 1956 cuncta,
701 1929 788 1960 quae
811 1916 863 1949 lex
885 1915 1022 1961 spiritus
1047 1916 1156 1955 docet,
1179 1923 1217 1947 ut
1238 1926 1318 1959 pos-

183 1973 225 2006 sis
250 1975 434 2019 aliquando
458 1977 501 2010 ad
526 1976 746 2011 Israeliticum
769 1990 952 2011 numerum
976 1965 1205 2022 pertinere.³)

279 2119 314 2163 ι>
339 2120 450 2153 Codd.
474 2120 720 2155 Bellovacensis
738 2132 770 2155 et
786 2121 1012 2156 Turonensis:
1034 2121 1242 2166 „pervenire.
1245 2121 1317 2155 “R.

262 2174 313 2228 ·²)
340 2175 450 2210 Codd
471 2176 689 2211 Ebroicensis
715 2187 746 2210 et
774 2177 956 2222 sagiensis:
980 2178 1221 2218 „adnumerari
1243 2190 1317 2211 me-

184 2221 297 2260 rearis,
320 2230 356 2254 ut
379 2222 500 2255 visitaii
523 2222 639 2267 possis
641 2228 660 2242 ⁴⁴
684 2223 723 2256 R.

276 2276 313 2321 ³)
340 2276 427 2312 Cod
450 2277 715 2314 Bellovacensis:
739 2279 969 2325 ‚,pervenire.“
991 2279 1034 2313 R.
