<?xml version="1.0" encoding="UTF-8"?>
<!DOCTYPE html PUBLIC "-//W3C//DTD XHTML 1.0 Transitional//EN"
    "http://www.w3.org/TR/xhtml1/DTD/xhtml1-transitional.dtd">
<html xmlns="http://www.w3.org/1999/xhtml" xml:lang="en" lang="en">
 <head>
  <title>
</title>
<meta http-equiv="Content-Type" content="text/html;charset=utf-8" />
  <meta name='ocr-system' content='tesseract 3.04.00' />
  <meta name='ocr-capabilities' content='ocr_page ocr_carea ocr_par ocr_line ocrx_word'/>
</head>
<body>
  <div class='ocr_page' id='page_1' title='image "./operaomniaquaegr10orig_0059.png"; bbox 0 0 1427 2460; ppageno 0'>
   <div class='ocr_carea' id='block_1_1' title="bbox 0 1506 5 2012">
    <p class='ocr_par' dir='ltr' id='par_1_1' title="bbox 0 1506 5 2012">
     <span class='ocr_line' id='line_1_1' title="bbox 0 1506 5 2012; baseline 0 0"><span class='ocrx_word' id='word_1_1' title='bbox 0 1506 5 2012; x_wconf 95' lang='lat' dir='ltr'> </span> 
     </span>
    </p>
   </div>
   <div class='ocr_carea' id='block_1_2' title="bbox 393 81 1225 118">
    <p class='ocr_par' dir='ltr' id='par_1_2' title="bbox 393 81 1225 118">
     <span class='ocr_line' id='line_1_2' title="bbox 393 81 1225 118; baseline 0.004 -3"><span class='ocrx_word' id='word_1_2' title='bbox 393 93 430 117; x_wconf 77' lang='lat' dir='ltr'>m</span> <span class='ocrx_word' id='word_1_3' title='bbox 455 82 636 117; x_wconf 70' lang='lat' dir='ltr'>Nummos</span> <span class='ocrx_word' id='word_1_4' title='bbox 663 81 825 115; x_wconf 72' lang='lat' dir='ltr'>nonum</span> <span class='ocrx_word' id='word_1_5' title='bbox 850 82 906 115; x_wconf 86' lang='lat' dir='ltr'>IV.</span> <span class='ocrx_word' id='word_1_6' title='bbox 1178 84 1225 118; x_wconf 86' lang='lat'>37</span> 
     </span>
    </p>
   </div>
   <div class='ocr_carea' id='block_1_3' title="bbox 40 172 1220 2055">
    <p class='ocr_par' dir='ltr' id='par_1_3' title="bbox 40 172 1220 2055">
     <span class='ocr_line' id='line_1_3' title="bbox 81 172 1220 217; baseline -0.002 -11"><span class='ocrx_word' id='word_1_7' title='bbox 81 173 250 207; x_wconf 76' lang='lat' dir='ltr'>venientes</span> <span class='ocrx_word' id='word_1_8' title='bbox 273 172 455 206; x_wconf 83' lang='lat' dir='ltr'>lectionem</span> <span class='ocrx_word' id='word_1_9' title='bbox 480 173 629 206; x_wconf 84' lang='lat' dir='ltr'>dicamus</span> <span class='ocrx_word' id='word_1_10' title='bbox 655 173 767 217; x_wconf 86' lang='lat' dir='ltr'>aliqua</span> <span class='ocrx_word' id='word_1_11' title='bbox 793 173 891 206; x_wconf 84' lang='lat' dir='ltr'>etiam</span> <span class='ocrx_word' id='word_1_12' title='bbox 917 173 959 205; x_wconf 82' lang='lat' dir='ltr'>de</span> <span class='ocrx_word' id='word_1_13' title='bbox 982 172 1031 211; x_wconf 85' lang='lat' dir='ltr'>iis,</span> <span class='ocrx_word' id='word_1_14' title='bbox 1056 184 1142 216; x_wconf 85' lang='lat' dir='ltr'>quae</span> <span class='ocrx_word' id='word_1_15' title='bbox 1166 173 1220 205; x_wconf 57' lang='lat' dir='ltr'>lo:</span> 
     </span>
     <span class='ocr_line' id='line_1_4' title="bbox 81 232 1219 278; baseline -0.003 -11"><span class='ocrx_word' id='word_1_16' title='bbox 81 249 138 268; x_wconf 88' lang='lat' dir='ltr'>cus</span> <span class='ocrx_word' id='word_1_17' title='bbox 155 234 343 274; x_wconf 81' lang='lat' dir='ltr'>admonuit,</span> <span class='ocrx_word' id='word_1_18' title='bbox 368 248 444 267; x_wconf 87' lang='lat' dir='ltr'>curn</span> <span class='ocrx_word' id='word_1_19' title='bbox 463 236 669 267; x_wconf 76' lang='lat' dir='ltr'>offerrentur</span> <span class='ocrx_word' id='word_1_20' title='bbox 693 248 710 267; x_wconf 89' lang='lat' dir='ltr'>a</span> <span class='ocrx_word' id='word_1_21' title='bbox 736 234 872 275; x_wconf 84' lang='lat' dir='ltr'>singulis</span> <span class='ocrx_word' id='word_1_22' title='bbox 897 233 1088 278; x_wconf 77' lang='lat' dir='ltr'>quibusque</span> <span class='ocrx_word' id='word_1_23' title='bbox 1110 232 1219 265; x_wconf 72' lang='lat' dir='ltr'>tribu-</span> 
     </span>
     <span class='ocr_line' id='line_1_5' title="bbox 65 293 1215 340; baseline 0 -13"><span class='ocrx_word' id='word_1_24' title='bbox 65 296 143 329; x_wconf 86' lang='lat' dir='ltr'>·bus</span> <span class='ocrx_word' id='word_1_25' title='bbox 167 297 333 340; x_wconf 81' lang='lat' dir='ltr'>plaustra,</span> <span class='ocrx_word' id='word_1_26' title='bbox 365 306 511 340; x_wconf 84' lang='lat' dir='ltr'>quatuor</span> <span class='ocrx_word' id='word_1_27' title='bbox 543 309 580 328; x_wconf 85' lang='lat' dir='ltr'>ex</span> <span class='ocrx_word' id='word_1_28' title='bbox 605 295 642 328; x_wconf 86' lang='lat' dir='ltr'>iis</span> <span class='ocrx_word' id='word_1_29' title='bbox 668 304 872 339; x_wconf 82' lang='lat' dir='ltr'>acceperunt</span> <span class='ocrx_word' id='word_1_30' title='bbox 897 295 957 327; x_wconf 83' lang='lat' dir='ltr'>filii</span> <span class='ocrx_word' id='word_1_31' title='bbox 982 293 1120 334; x_wconf 84' lang='lat' dir='ltr'>Merari,</span> <span class='ocrx_word' id='word_1_32' title='bbox 1146 295 1215 333; x_wconf 88' lang='lat' dir='ltr'>duo</span> 
     </span>
     <span class='ocr_line' id='line_1_6' title="bbox 80 355 1217 401; baseline -0.003 -11"><span class='ocrx_word' id='word_1_33' title='bbox 80 367 193 390; x_wconf 75' lang='lat' dir='ltr'>autem</span> <span class='ocrx_word' id='word_1_34' title='bbox 220 357 353 389; x_wconf 78' lang='lat' dir='ltr'>Gerson</span> <span class='ocrx_word' id='word_1_35' title='bbox 376 355 447 389; x_wconf 87' lang='lat' dir='ltr'>filii.</span> <span class='ocrx_word' id='word_1_36' title='bbox 494 356 548 389; x_wconf 87' lang='lat' dir='ltr'>Illi</span> <span class='ocrx_word' id='word_1_37' title='bbox 572 370 670 396; x_wconf 82' lang='lat' dir='ltr'>vero,</span> <span class='ocrx_word' id='word_1_38' title='bbox 708 356 765 401; x_wconf 88' lang='lat' dir='ltr'>qui</span> <span class='ocrx_word' id='word_1_39' title='bbox 798 357 923 389; x_wconf 85' lang='lat' dir='ltr'>horum</span> <span class='ocrx_word' id='word_1_40' title='bbox 948 355 1105 388; x_wconf 82' lang='lat' dir='ltr'>meliores</span> <span class='ocrx_word' id='word_1_41' title='bbox 1128 364 1217 395; x_wconf 84' lang='lat' dir='ltr'>sunt,</span> 
     </span>
     <span class='ocr_line' id='line_1_7' title="bbox 78 415 1218 463; baseline -0.003 -11"><span class='ocrx_word' id='word_1_42' title='bbox 78 420 227 463; x_wconf 75' lang='lat' dir='ltr'>plaustra</span> <span class='ocrx_word' id='word_1_43' title='bbox 257 432 329 451; x_wconf 88' lang='lat' dir='ltr'>non</span> <span class='ocrx_word' id='word_1_44' title='bbox 361 417 542 463; x_wconf 85' lang='lat' dir='ltr'>accipiunt.</span> <span class='ocrx_word' id='word_1_45' title='bbox 589 418 725 450; x_wconf 78' lang='lat' dir='ltr'><strong>Intuere</strong></span> <span class='ocrx_word' id='word_1_46' title='bbox 758 431 837 460; x_wconf 81' lang='lat' dir='ltr'>ergo</span> <span class='ocrx_word' id='word_1_47' title='bbox 873 431 986 456; x_wconf 85' lang='lat' dir='ltr'>nunc,</span> <span class='ocrx_word' id='word_1_48' title='bbox 1025 415 1218 462; x_wconf 75' lang='lat' dir='ltr'>cujusmodi</span> 
     </span>
     <span class='ocr_line' id='line_1_8' title="bbox 40 477 1216 521; baseline -0.001 -10"><span class='ocrx_word' id='word_1_49' title='bbox 40 508 43 511; x_wconf 95' lang='lat'>.</span> <span class='ocrx_word' id='word_1_50' title='bbox 79 479 195 513; x_wconf 85' lang='lat' dir='ltr'>divisio</span> <span class='ocrx_word' id='word_1_51' title='bbox 229 480 374 512; x_wconf 81' lang='lat' dir='ltr'>efficitur</span> <span class='ocrx_word' id='word_1_52' title='bbox 404 479 439 512; x_wconf 90' lang='lat' dir='ltr'>in</span> <span class='ocrx_word' id='word_1_53' title='bbox 477 478 597 511; x_wconf 76' lang='lat' dir='ltr'>officiis</span> <span class='ocrx_word' id='word_1_54' title='bbox 623 478 798 512; x_wconf 83' lang='lat' dir='ltr'>ministerii</span> <span class='ocrx_word' id='word_1_55' title='bbox 831 477 954 517; x_wconf 85' lang='lat' dir='ltr'>divini,</span> <span class='ocrx_word' id='word_1_56' title='bbox 981 486 1012 510; x_wconf 87' lang='lat' dir='ltr'>et</span> <span class='ocrx_word' id='word_1_57' title='bbox 1037 479 1216 521; x_wconf 86' lang='lat' dir='ltr'>quomodo</span> 
     </span>
     <span class='ocr_line' id='line_1_9' title="bbox 77 539 1217 584; baseline -0.003 -11"><span class='ocrx_word' id='word_1_58' title='bbox 77 541 133 573; x_wconf 87' lang='lat' dir='ltr'>illa</span> <span class='ocrx_word' id='word_1_59' title='bbox 160 541 308 584; x_wconf 82' lang='lat' dir='ltr'>quidem,</span> <span class='ocrx_word' id='word_1_60' title='bbox 334 554 420 584; x_wconf 84' lang='lat' dir='ltr'>quae</span> <span class='ocrx_word' id='word_1_61' title='bbox 443 550 555 573; x_wconf 86' lang='lat' dir='ltr'>sancta</span> <span class='ocrx_word' id='word_1_62' title='bbox 579 550 673 579; x_wconf 86' lang='lat' dir='ltr'>sunt,</span> <span class='ocrx_word' id='word_1_63' title='bbox 704 555 775 573; x_wconf 88' lang='lat' dir='ltr'>non</span> <span class='ocrx_word' id='word_1_64' title='bbox 799 540 1025 584; x_wconf 83' lang='lat' dir='ltr'>imponuntur</span> <span class='ocrx_word' id='word_1_65' title='bbox 1048 539 1217 583; x_wconf 84' lang='lat' dir='ltr'>portanda</span> 
     </span>
     <span class='ocr_line' id='line_1_10' title="bbox 79 599 1217 640; baseline -0.001 -6"><span class='ocrx_word' id='word_1_66' title='bbox 79 602 280 635; x_wconf 76' lang='lat' dir='ltr'>animalibus</span> <span class='ocrx_word' id='word_1_67' title='bbox 311 602 431 639; x_wconf 78' lang='lat' dir='ltr'>mutis,</span> <span class='ocrx_word' id='word_1_68' title='bbox 461 603 519 635; x_wconf 84' lang='lat' dir='ltr'>sed</span> <span class='ocrx_word' id='word_1_69' title='bbox 549 602 767 635; x_wconf 77' lang='lat' dir='ltr'>rationabiles</span> <span class='ocrx_word' id='word_1_70' title='bbox 800 614 868 634; x_wconf 86' lang='lat' dir='ltr'>csse</span> <span class='ocrx_word' id='word_1_71' title='bbox 902 602 1026 633; x_wconf 84' lang='lat' dir='ltr'>debent</span> <span class='ocrx_word' id='word_1_72' title='bbox 1052 599 1217 640; x_wconf 88' lang='lat' dir='ltr'>homines,</span> 
     </span>
     <span class='ocr_line' id='line_1_11' title="bbox 79 662 1214 708; baseline -0.004 -11"><span class='ocrx_word' id='word_1_73' title='bbox 79 674 109 697; x_wconf 78' lang='lat' dir='ltr'>et</span> <span class='ocrx_word' id='word_1_74' title='bbox 132 664 166 696; x_wconf 88' lang='lat' dir='ltr'>in</span> <span class='ocrx_word' id='word_1_75' title='bbox 192 663 344 702; x_wconf 46' lang='lat' dir='ltr'>humeris,</span> <span class='ocrx_word' id='word_1_76' title='bbox 363 665 429 696; x_wconf 79' lang='lat' dir='ltr'>suis</span> <span class='ocrx_word' id='word_1_77' title='bbox 453 672 591 707; x_wconf 84' lang='lat' dir='ltr'>portare</span> <span class='ocrx_word' id='word_1_78' title='bbox 615 676 710 702; x_wconf 86' lang='lat' dir='ltr'>vasa,</span> <span class='ocrx_word' id='word_1_79' title='bbox 734 663 857 707; x_wconf 83' lang='lat' dir='ltr'>quibus</span> <span class='ocrx_word' id='word_1_80' title='bbox 882 662 1115 708; x_wconf 69' lang='lat' dir='ltr'>ministrantur</span> <span class='ocrx_word' id='word_1_81' title='bbox 1139 674 1214 693; x_wconf 91' lang='lat' dir='ltr'>san-</span> 
     </span>
     <span class='ocr_line' id='line_1_12' title="bbox 78 715 1214 768; baseline -0.002 -11"><span class='ocrx_word' id='word_1_82' title='bbox 78 734 130 757; x_wconf 84' lang='lat' dir='ltr'>cta</span> <span class='ocrx_word' id='word_1_83' title='bbox 156 733 362 758; x_wconf 87' lang='lat' dir='ltr'>sanctorum.</span> <span class='ocrx_word' id='word_1_84' title='bbox 409 724 460 757; x_wconf 79' lang='lat' dir='ltr'>Ea</span> <span class='ocrx_word' id='word_1_85' title='bbox 486 715 585 763; x_wconf 61' lang='lat' dir='ltr'>vero,</span> <span class='ocrx_word' id='word_1_86' title='bbox 621 737 707 768; x_wconf 82' lang='lat' dir='ltr'>quae</span> <span class='ocrx_word' id='word_1_87' title='bbox 732 724 884 764; x_wconf 85' lang='lat' dir='ltr'>graviora</span> <span class='ocrx_word' id='word_1_88' title='bbox 908 733 984 756; x_wconf 87' lang='lat' dir='ltr'>sunt</span> <span class='ocrx_word' id='word_1_89' title='bbox 1009 733 1041 755; x_wconf 84' lang='lat' dir='ltr'>et</span> <span class='ocrx_word' id='word_1_90' title='bbox 1065 724 1214 762; x_wconf 87' lang='lat' dir='ltr'>duriora,</span> 
     </span>
     <span class='ocr_line' id='line_1_13' title="bbox 76 783 1214 829; baseline -0.004 -11"><span class='ocrx_word' id='word_1_91' title='bbox 76 799 149 818; x_wconf 86' lang='lat' dir='ltr'>non</span> <span class='ocrx_word' id='word_1_92' title='bbox 174 795 243 817; x_wconf 87' lang='lat' dir='ltr'>tam</span> <span class='ocrx_word' id='word_1_93' title='bbox 268 784 538 825; x_wconf 77' lang='lat' dir='ltr'>rationabilibus,</span> <span class='ocrx_word' id='word_1_94' title='bbox 564 798 665 829; x_wconf 88' lang='lat' dir='ltr'>quam</span> <span class='ocrx_word' id='word_1_95' title='bbox 690 785 790 818; x_wconf 86' lang='lat' dir='ltr'>mutis</span> <span class='ocrx_word' id='word_1_96' title='bbox 816 786 983 829; x_wconf 78' lang='lat' dir='ltr'>portanda</span> <span class='ocrx_word' id='word_1_97' title='bbox 1010 783 1214 816; x_wconf 74' lang='lat' dir='ltr'>animalibus</span> 
     </span>
     <span class='ocr_line' id='line_1_14' title="bbox 75 845 1213 891; baseline -0.003 -13"><span class='ocrx_word' id='word_1_98' title='bbox 75 846 312 891; x_wconf 86' lang='lat' dir='ltr'>imponuntur.</span> <span class='ocrx_word' id='word_1_99' title='bbox 360 847 428 879; x_wconf 79' lang='lat' dir='ltr'>Sed</span> <span class='ocrx_word' id='word_1_100' title='bbox 454 856 485 878; x_wconf 82' lang='lat' dir='ltr'>et</span> <span class='ocrx_word' id='word_1_101' title='bbox 508 847 543 880; x_wconf 85' lang='lat' dir='ltr'>in</span> <span class='ocrx_word' id='word_1_102' title='bbox 568 846 644 890; x_wconf 91' lang='lat' dir='ltr'>ipsis</span> <span class='ocrx_word' id='word_1_103' title='bbox 669 856 717 879; x_wconf 86' lang='lat' dir='ltr'>est</span> <span class='ocrx_word' id='word_1_104' title='bbox 741 846 852 890; x_wconf 89' lang='lat' dir='ltr'>aliqua</span> <span class='ocrx_word' id='word_1_105' title='bbox 878 845 1079 879; x_wconf 81' lang='lat' dir='ltr'>differentia.</span> <span class='ocrx_word' id='word_1_106' title='bbox 1125 845 1213 876; x_wconf 82' lang='lat' dir='ltr'>Nam</span> 
     </span>
     <span class='ocr_line' id='line_1_15' title="bbox 77 906 1214 952; baseline -0.003 -12"><span class='ocrx_word' id='word_1_107' title='bbox 77 908 144 948; x_wconf 86' lang='lat' dir='ltr'>illi,</span> <span class='ocrx_word' id='word_1_108' title='bbox 181 907 238 952; x_wconf 87' lang='lat' dir='ltr'>qui</span> <span class='ocrx_word' id='word_1_109' title='bbox 271 907 423 949; x_wconf 85' lang='lat' dir='ltr'>graviora</span> <span class='ocrx_word' id='word_1_110' title='bbox 456 918 489 940; x_wconf 85' lang='lat' dir='ltr'>et</span> <span class='ocrx_word' id='word_1_111' title='bbox 520 908 659 942; x_wconf 87' lang='lat' dir='ltr'>duriora</span> <span class='ocrx_word' id='word_1_112' title='bbox 685 910 865 942; x_wconf 80' lang='lat' dir='ltr'>observant</span> <span class='ocrx_word' id='word_1_113' title='bbox 889 906 1089 946; x_wconf 85' lang='lat' dir='ltr'>ministeria,</span> <span class='ocrx_word' id='word_1_114' title='bbox 1113 906 1214 950; x_wconf 81' lang='lat' dir='ltr'>plura</span> 
     </span>
     <span class='ocr_line' id='line_1_16' title="bbox 76 965 1212 1013; baseline -0.002 -13"><span class='ocrx_word' id='word_1_115' title='bbox 76 970 204 1002; x_wconf 82' lang='lat' dir='ltr'>habent</span> <span class='ocrx_word' id='word_1_116' title='bbox 235 968 402 1002; x_wconf 83' lang='lat' dir='ltr'>animalia.</span> <span class='ocrx_word' id='word_1_117' title='bbox 462 968 623 1011; x_wconf 78' lang='lat' dir='ltr'>Quatuor</span> <span class='ocrx_word' id='word_1_118' title='bbox 660 970 751 1002; x_wconf 83' lang='lat' dir='ltr'>enim</span> <span class='ocrx_word' id='word_1_119' title='bbox 792 970 942 1013; x_wconf 83' lang='lat' dir='ltr'>plaustra</span> <span class='ocrx_word' id='word_1_120' title='bbox 973 970 1097 1001; x_wconf 84' lang='lat' dir='ltr'>dantur</span> <span class='ocrx_word' id='word_1_121' title='bbox 1136 965 1212 999; x_wconf 61' lang='lat' dir='ltr'>filiis</span> 
     </span>
     <span class='ocr_line' id='line_1_17' title="bbox 74 1028 1212 1075; baseline -0.004 -11"><span class='ocrx_word' id='word_1_122' title='bbox 74 1031 213 1064; x_wconf 63' lang='lat' dir='ltr'>Merari·</span> <span class='ocrx_word' id='word_1_123' title='bbox 272 1029 367 1063; x_wconf 81' lang='lat' dir='ltr'>Filiis</span> <span class='ocrx_word' id='word_1_124' title='bbox 397 1040 511 1063; x_wconf 83' lang='lat' dir='ltr'>autem</span> <span class='ocrx_word' id='word_1_125' title='bbox 545 1030 697 1071; x_wconf 86' lang='lat' dir='ltr'>Gerson,</span> <span class='ocrx_word' id='word_1_126' title='bbox 737 1030 815 1075; x_wconf 81' lang='lat' dir='ltr'>quia</span> <span class='ocrx_word' id='word_1_127' title='bbox 847 1040 941 1063; x_wconf 78' lang='lat' dir='ltr'>erant</span> <span class='ocrx_word' id='word_1_128' title='bbox 980 1041 1092 1075; x_wconf 83' lang='lat' dir='ltr'>prope</span> <span class='ocrx_word' id='word_1_129' title='bbox 1124 1028 1212 1060; x_wconf 87' lang='lat' dir='ltr'>filios</span> 
     </span>
     <span class='ocr_line' id='line_1_18' title="bbox 77 1089 1212 1136; baseline -0.004 -11"><span class='ocrx_word' id='word_1_130' title='bbox 77 1093 196 1133; x_wconf 79' lang='lat' dir='ltr'>Caath,</span> <span class='ocrx_word' id='word_1_131' title='bbox 221 1093 290 1125; x_wconf 88' lang='lat' dir='ltr'>duo</span> <span class='ocrx_word' id='word_1_132' title='bbox 314 1101 445 1125; x_wconf 83' lang='lat' dir='ltr'>tantum</span> <span class='ocrx_word' id='word_1_133' title='bbox 469 1093 617 1136; x_wconf 84' lang='lat' dir='ltr'>plaustra</span> <span class='ocrx_word' id='word_1_134' title='bbox 642 1093 832 1125; x_wconf 81' lang='lat' dir='ltr'>sufficiunt:</span> <span class='ocrx_word' id='word_1_135' title='bbox 858 1105 896 1124; x_wconf 84' lang='lat' dir='ltr'>ex</span> <span class='ocrx_word' id='word_1_136' title='bbox 916 1091 1038 1136; x_wconf 86' lang='lat' dir='ltr'>quibus</span> <span class='ocrx_word' id='word_1_137' title='bbox 1064 1089 1212 1123; x_wconf 85' lang='lat' dir='ltr'>ostendi-</span> 
     </span>
     <span class='ocr_line' id='line_1_19' title="bbox 74 1150 1213 1198; baseline -0.005 -11"><span class='ocrx_word' id='word_1_138' title='bbox 74 1163 142 1194; x_wconf 75' lang='lat' dir='ltr'>tur,</span> <span class='ocrx_word' id='word_1_139' title='bbox 167 1155 260 1198; x_wconf 86' lang='lat' dir='ltr'>quod</span> <span class='ocrx_word' id='word_1_140' title='bbox 286 1155 445 1198; x_wconf 84' lang='lat' dir='ltr'>operibus</span> <span class='ocrx_word' id='word_1_141' title='bbox 475 1153 615 1197; x_wconf 82' lang='lat' dir='ltr'>quidem</span> <span class='ocrx_word' id='word_1_142' title='bbox 639 1153 852 1193; x_wconf 85' lang='lat' dir='ltr'>durioribus,</span> <span class='ocrx_word' id='word_1_143' title='bbox 877 1162 926 1193; x_wconf 82' lang='lat' dir='ltr'>et,</span> <span class='ocrx_word' id='word_1_144' title='bbox 959 1162 997 1185; x_wconf 85' lang='lat' dir='ltr'>ut</span> <span class='ocrx_word' id='word_1_145' title='bbox 1021 1153 1065 1185; x_wconf 73' lang='lat' dir='ltr'>ita</span> <span class='ocrx_word' id='word_1_146' title='bbox 1091 1150 1213 1189; x_wconf 78' lang='lat' dir='ltr'>dicam,</span> 
     </span>
     <span class='ocr_line' id='line_1_20' title="bbox 77 1213 1211 1259; baseline -0.004 -11"><span class='ocrx_word' id='word_1_147' title='bbox 77 1216 314 1254; x_wconf 81' lang='lat' dir='ltr'>crassioribus,</span> <span class='ocrx_word' id='word_1_148' title='bbox 351 1216 464 1259; x_wconf 88' lang='lat' dir='ltr'>plures</span> <span class='ocrx_word' id='word_1_149' title='bbox 495 1224 590 1254; x_wconf 88' lang='lat' dir='ltr'>sunt,</span> <span class='ocrx_word' id='word_1_150' title='bbox 628 1215 685 1258; x_wconf 90' lang='lat' dir='ltr'>qui</span> <span class='ocrx_word' id='word_1_151' title='bbox 708 1215 799 1247; x_wconf 85' lang='lat' dir='ltr'>velut</span> <span class='ocrx_word' id='word_1_152' title='bbox 824 1215 982 1247; x_wconf 83' lang='lat' dir='ltr'>animalia</span> <span class='ocrx_word' id='word_1_153' title='bbox 1005 1213 1211 1245; x_wconf 81' lang='lat' dir='ltr'>inserviunt:</span> 
     </span>
     <span class='ocr_line' id='line_1_21' title="bbox 76 1272 1211 1320; baseline -0.004 -11"><span class='ocrx_word' id='word_1_154' title='bbox 76 1278 119 1309; x_wconf 85' lang='lat' dir='ltr'>ad</span> <span class='ocrx_word' id='word_1_155' title='bbox 144 1290 180 1309; x_wconf 85' lang='lat' dir='ltr'>ea</span> <span class='ocrx_word' id='word_1_156' title='bbox 205 1290 296 1315; x_wconf 82' lang='lat' dir='ltr'>vero,</span> <span class='ocrx_word' id='word_1_157' title='bbox 321 1289 407 1320; x_wconf 77' lang='lat' dir='ltr'>quae</span> <span class='ocrx_word' id='word_1_158' title='bbox 431 1275 690 1308; x_wconf 78' lang='lat' dir='ltr'>rationabilibus</span> <span class='ocrx_word' id='word_1_159' title='bbox 711 1285 953 1320; x_wconf 85' lang='lat' dir='ltr'>procurantur,</span> <span class='ocrx_word' id='word_1_160' title='bbox 976 1273 1076 1318; x_wconf 85' lang='lat' dir='ltr'>pauci</span> <span class='ocrx_word' id='word_1_161' title='bbox 1101 1286 1137 1305; x_wconf 84' lang='lat' dir='ltr'>cx</span> <span class='ocrx_word' id='word_1_162' title='bbox 1162 1272 1211 1310; x_wconf 82' lang='lat' dir='ltr'>iis,</span> 
     </span>
     <span class='ocr_line' id='line_1_22' title="bbox 76 1335 1209 1382; baseline -0.005 -12"><span class='ocrx_word' id='word_1_163' title='bbox 76 1338 134 1382; x_wconf 90' lang='lat' dir='ltr'>qui</span> <span class='ocrx_word' id='word_1_164' title='bbox 158 1338 192 1370; x_wconf 87' lang='lat' dir='ltr'>in</span> <span class='ocrx_word' id='word_1_165' title='bbox 217 1339 268 1370; x_wconf 88' lang='lat' dir='ltr'>his</span> <span class='ocrx_word' id='word_1_166' title='bbox 293 1337 455 1377; x_wconf 77' lang='lat' dir='ltr'>instructi,</span> <span class='ocrx_word' id='word_1_167' title='bbox 481 1346 539 1368; x_wconf 84' lang='lat' dir='ltr'>aut</span> <span class='ocrx_word' id='word_1_168' title='bbox 563 1337 686 1369; x_wconf 84' lang='lat' dir='ltr'>eruditi</span> <span class='ocrx_word' id='word_1_169' title='bbox 709 1338 875 1376; x_wconf 83' lang='lat' dir='ltr'>videntur,</span> <span class='ocrx_word' id='word_1_170' title='bbox 900 1337 1075 1369; x_wconf 83' lang='lat' dir='ltr'>accedunt.</span> <span class='ocrx_word' id='word_1_171' title='bbox 1122 1335 1209 1365; x_wconf 78' lang='lat' dir='ltr'>Nam</span> 
     </span>
     <span class='ocr_line' id='line_1_23' title="bbox 75 1396 1208 1444; baseline -0.004 -13"><span class='ocrx_word' id='word_1_172' title='bbox 75 1401 118 1432; x_wconf 78' lang='lat' dir='ltr'>ad</span> <span class='ocrx_word' id='word_1_173' title='bbox 142 1400 209 1441; x_wconf 73' lang='lat' dir='ltr'>illa,</span> <span class='ocrx_word' id='word_1_174' title='bbox 234 1412 321 1443; x_wconf 87' lang='lat' dir='ltr'>quae</span> <span class='ocrx_word' id='word_1_175' title='bbox 344 1398 481 1444; x_wconf 73' lang='lat' dir='ltr'>mystica</span> <span class='ocrx_word' id='word_1_176' title='bbox 505 1407 592 1437; x_wconf 79' lang='lat' dir='ltr'>sunt,</span> <span class='ocrx_word' id='word_1_177' title='bbox 617 1408 648 1431; x_wconf 85' lang='lat' dir='ltr'>et</span> <span class='ocrx_word' id='word_1_178' title='bbox 670 1397 705 1430; x_wconf 88' lang='lat' dir='ltr'>in</span> <span class='ocrx_word' id='word_1_179' title='bbox 729 1398 862 1431; x_wconf 75' lang='lat' dir='ltr'>secretis</span> <span class='ocrx_word' id='word_1_180' title='bbox 887 1396 1073 1434; x_wconf 84' lang='lat' dir='ltr'>recondita,</span> <span class='ocrx_word' id='word_1_181' title='bbox 1097 1405 1129 1427; x_wconf 88' lang='lat' dir='ltr'>et</span> <span class='ocrx_word' id='word_1_182' title='bbox 1153 1409 1208 1427; x_wconf 85' lang='lat' dir='ltr'>so-</span> 
     </span>
     <span class='ocr_line' id='line_1_24' title="bbox 74 1457 1208 1504; baseline -0.004 -11"><span class='ocrx_word' id='word_1_183' title='bbox 74 1461 114 1493; x_wconf 75' lang='lat' dir='ltr'>lis</span> <span class='ocrx_word' id='word_1_184' title='bbox 138 1460 370 1493; x_wconf 73' lang='lat' dir='ltr'>sacerdotibus</span> <span class='ocrx_word' id='word_1_185' title='bbox 393 1469 524 1504; x_wconf 82' lang='lat' dir='ltr'>patent,</span> <span class='ocrx_word' id='word_1_186' title='bbox 555 1473 625 1492; x_wconf 86' lang='lat' dir='ltr'>non</span> <span class='ocrx_word' id='word_1_187' title='bbox 651 1460 762 1492; x_wconf 88' lang='lat' dir='ltr'>solum</span> <span class='ocrx_word' id='word_1_188' title='bbox 788 1460 901 1492; x_wconf 86' lang='lat' dir='ltr'>nullus</span> <span class='ocrx_word' id='word_1_189' title='bbox 926 1458 1077 1491; x_wconf 86' lang='lat' dir='ltr'>animalis</span> <span class='ocrx_word' id='word_1_190' title='bbox 1102 1457 1208 1489; x_wconf 84' lang='lat' dir='ltr'>homo</span> 
     </span>
     <span class='ocr_line' id='line_1_25' title="bbox 76 1517 1208 1566; baseline -0.004 -12"><span class='ocrx_word' id='word_1_191' title='bbox 76 1522 217 1562; x_wconf 82' lang='lat' dir='ltr'>accedit,</span> <span class='ocrx_word' id='word_1_192' title='bbox 240 1523 299 1554; x_wconf 87' lang='lat' dir='ltr'>sed</span> <span class='ocrx_word' id='word_1_193' title='bbox 322 1534 366 1554; x_wconf 86' lang='lat' dir='ltr'>ne</span> <span class='ocrx_word' id='word_1_194' title='bbox 389 1521 452 1566; x_wconf 90' lang='lat' dir='ltr'>ipsi</span> <span class='ocrx_word' id='word_1_195' title='bbox 478 1521 634 1566; x_wconf 81' lang='lat' dir='ltr'>quidem,</span> <span class='ocrx_word' id='word_1_196' title='bbox 666 1520 723 1565; x_wconf 91' lang='lat' dir='ltr'>qui</span> <span class='ocrx_word' id='word_1_197' title='bbox 757 1521 883 1553; x_wconf 84' lang='lat' dir='ltr'>habere</span> <span class='ocrx_word' id='word_1_198' title='bbox 908 1520 1037 1564; x_wconf 85' lang='lat' dir='ltr'>aliquid</span> <span class='ocrx_word' id='word_1_199' title='bbox 1062 1517 1208 1552; x_wconf 85' lang='lat' dir='ltr'>exercitii</span> 
     </span>
     <span class='ocr_line' id='line_1_26' title="bbox 75 1579 1209 1623; baseline -0.004 -7"><span class='ocrx_word' id='word_1_200' title='bbox 75 1593 107 1616; x_wconf 82' lang='lat' dir='ltr'>et</span> <span class='ocrx_word' id='word_1_201' title='bbox 133 1582 334 1616; x_wconf 75' lang='lat' dir='ltr'>eruditionis</span> <span class='ocrx_word' id='word_1_202' title='bbox 356 1584 532 1623; x_wconf 85' lang='lat' dir='ltr'>videntur,</span> <span class='ocrx_word' id='word_1_203' title='bbox 553 1585 709 1616; x_wconf 88' lang='lat' dir='ltr'>nondum</span> <span class='ocrx_word' id='word_1_204' title='bbox 734 1591 848 1615; x_wconf 86' lang='lat' dir='ltr'>tamen</span> <span class='ocrx_word' id='word_1_205' title='bbox 871 1581 996 1614; x_wconf 84' lang='lat' dir='ltr'>meritis</span> <span class='ocrx_word' id='word_1_206' title='bbox 1022 1589 1053 1613; x_wconf 87' lang='lat' dir='ltr'>et</span> <span class='ocrx_word' id='word_1_207' title='bbox 1076 1579 1139 1611; x_wconf 82' lang='lat' dir='ltr'>vita</span> <span class='ocrx_word' id='word_1_208' title='bbox 1166 1580 1209 1612; x_wconf 86' lang='lat' dir='ltr'>ad</span> 
     </span>
     <span class='ocr_line' id='line_1_27' title="bbox 75 1644 1208 1686; baseline -0.004 -9"><span class='ocrx_word' id='word_1_209' title='bbox 75 1644 317 1677; x_wconf 69' lang='lat' dir='ltr'>sacerdotalem</span> <span class='ocrx_word' id='word_1_210' title='bbox 342 1644 480 1685; x_wconf 81' lang='lat' dir='ltr'>gratiam</span> <span class='ocrx_word' id='word_1_211' title='bbox 500 1645 780 1677; x_wconf 84' lang='lat' dir='ltr'>conscenderunt.</span> <span class='ocrx_word' id='word_1_212' title='bbox 827 1644 906 1676; x_wconf 83' lang='lat' dir='ltr'>Non</span> <span class='ocrx_word' id='word_1_213' title='bbox 925 1644 1037 1676; x_wconf 84' lang='lat' dir='ltr'>solum</span> <span class='ocrx_word' id='word_1_214' title='bbox 1052 1654 1114 1686; x_wconf 87' lang='lat' dir='ltr'>per</span> <span class='ocrx_word' id='word_1_215' title='bbox 1132 1653 1208 1684; x_wconf 86' lang='lat' dir='ltr'>spe-</span> 
     </span>
     <span class='ocr_line' id='line_1_28' title="bbox 76 1703 1207 1748; baseline -0.004 -11"><span class='ocrx_word' id='word_1_216' title='bbox 76 1706 191 1738; x_wconf 89' lang='lat' dir='ltr'>culum</span> <span class='ocrx_word' id='word_1_217' title='bbox 217 1718 254 1737; x_wconf 88' lang='lat' dir='ltr'>ea</span> <span class='ocrx_word' id='word_1_218' title='bbox 278 1715 311 1737; x_wconf 85' lang='lat' dir='ltr'>et</span> <span class='ocrx_word' id='word_1_219' title='bbox 333 1705 368 1737; x_wconf 91' lang='lat' dir='ltr'>in</span> <span class='ocrx_word' id='word_1_220' title='bbox 394 1706 579 1747; x_wconf 73' lang='lat' dir='ltr'>aenigmate</span> <span class='ocrx_word' id='word_1_221' title='bbox 604 1707 735 1747; x_wconf 82' lang='lat' dir='ltr'>vident,</span> <span class='ocrx_word' id='word_1_222' title='bbox 761 1706 819 1738; x_wconf 81' lang='lat' dir='ltr'>sed</span> <span class='ocrx_word' id='word_1_223' title='bbox 846 1715 876 1737; x_wconf 85' lang='lat' dir='ltr'>et</span> <span class='ocrx_word' id='word_1_224' title='bbox 895 1713 1019 1748; x_wconf 80' lang='lat' dir='ltr'>‘operta</span> <span class='ocrx_word' id='word_1_225' title='bbox 1044 1711 1076 1735; x_wconf 87' lang='lat' dir='ltr'>et</span> <span class='ocrx_word' id='word_1_226' title='bbox 1099 1703 1207 1734; x_wconf 82' lang='lat' dir='ltr'>velata·</span> 
     </span>
     <span class='ocr_line' id='line_1_29' title="bbox 75 1763 1207 1812; baseline -0.004 -13"><span class='ocrx_word' id='word_1_227' title='bbox 75 1765 276 1809; x_wconf 81' lang='lat' dir='ltr'>suscipiunt,</span> <span class='ocrx_word' id='word_1_228' title='bbox 309 1775 340 1798; x_wconf 87' lang='lat' dir='ltr'>et</span> <span class='ocrx_word' id='word_1_229' title='bbox 362 1766 397 1798; x_wconf 91' lang='lat' dir='ltr'>in</span> <span class='ocrx_word' id='word_1_230' title='bbox 428 1767 576 1800; x_wconf 83' lang='lat' dir='ltr'>humeris</span> <span class='ocrx_word' id='word_1_231' title='bbox 601 1776 759 1812; x_wconf 83' lang='lat' dir='ltr'>portant,</span> <span class='ocrx_word' id='word_1_232' title='bbox 789 1779 858 1810; x_wconf 88' lang='lat' dir='ltr'>quo</span> <span class='ocrx_word' id='word_1_233' title='bbox 891 1765 1017 1798; x_wconf 85' lang='lat' dir='ltr'>scilicet</span> <span class='ocrx_word' id='word_1_234' title='bbox 1040 1763 1144 1805; x_wconf 85' lang='lat' dir='ltr'>magis</span> <span class='ocrx_word' id='word_1_235' title='bbox 1169 1776 1207 1795; x_wconf 85' lang='lat' dir='ltr'>ea</span> 
     </span>
     <span class='ocr_line' id='line_1_30' title="bbox 76 1814 1207 1871; baseline -0.004 -11"><span class='ocrx_word' id='word_1_236' title='bbox 76 1837 152 1860; x_wconf 86' lang='lat' dir='ltr'>actu</span> <span class='ocrx_word' id='word_1_237' title='bbox 177 1840 331 1871; x_wconf 80' lang='lat' dir='ltr'>operum,</span> <span class='ocrx_word' id='word_1_238' title='bbox 358 1841 457 1871; x_wconf 87' lang='lat' dir='ltr'>quam</span> <span class='ocrx_word' id='word_1_239' title='bbox 473 1829 630 1861; x_wconf 76' lang='lat' dir='ltr'>scientiae</span> <span class='ocrx_word' id='word_1_240' title='bbox 644 1827 849 1860; x_wconf 79' lang='lat' dir='ltr'>revelatione</span> <span class='ocrx_word' id='word_1_241' title='bbox 866 1834 1080 1868; x_wconf 85' lang='lat' dir='ltr'>cognoscant.</span> <span class='ocrx_word' id='word_1_242' title='bbox 1117 1814 1207 1867; x_wconf 72' lang='lat' dir='ltr'>Quia</span> 
     </span>
     <span class='ocr_line' id='line_1_31' title="bbox 73 1885 1207 1934; baseline -0.004 -12"><span class='ocrx_word' id='word_1_243' title='bbox 73 1889 174 1932; x_wconf 83' lang='lat' dir='ltr'>igitur</span> <span class='ocrx_word' id='word_1_244' title='bbox 198 1888 394 1934; x_wconf 81' lang='lat' dir='ltr'>hujusmodi</span> <span class='ocrx_word' id='word_1_245' title='bbox 419 1889 622 1933; x_wconf 75' lang='lat' dir='ltr'>dispensatio</span> <span class='ocrx_word' id='word_1_246' title='bbox 646 1898 703 1922; x_wconf 81' lang='lat' dir='ltr'>‘est</span> <span class='ocrx_word' id='word_1_247' title='bbox 725 1888 963 1934; x_wconf 77' lang='lat' dir='ltr'>mysteriorum</span> <span class='ocrx_word' id='word_1_248' title='bbox 987 1885 1065 1926; x_wconf 84' lang='lat' dir='ltr'>Dei,</span> <span class='ocrx_word' id='word_1_249' title='bbox 1088 1896 1120 1918; x_wconf 82' lang='lat' dir='ltr'>et</span> <span class='ocrx_word' id='word_1_250' title='bbox 1143 1886 1207 1918; x_wconf 78' lang='lat' dir='ltr'>mi-</span> 
     </span>
     <span class='ocr_line' id='line_1_32' title="bbox 73 1948 1206 1994; baseline -0.004 -11"><span class='ocrx_word' id='word_1_251' title='bbox 73 1950 212 1990; x_wconf 83' lang='lat' dir='ltr'>nisterii,</span> <span class='ocrx_word' id='word_1_252' title='bbox 236 1952 331 1994; x_wconf 85' lang='lat' dir='ltr'>quod</span> <span class='ocrx_word' id='word_1_253' title='bbox 355 1951 498 1982; x_wconf 83' lang='lat' dir='ltr'>habetur</span> <span class='ocrx_word' id='word_1_254' title='bbox 521 1950 556 1982; x_wconf 88' lang='lat' dir='ltr'>in</span> <span class='ocrx_word' id='word_1_255' title='bbox 579 1951 711 1990; x_wconf 82' lang='lat' dir='ltr'>sanctis,</span> <span class='ocrx_word' id='word_1_256' title='bbox 733 1951 815 1983; x_wconf 84' lang='lat' dir='ltr'>tales</span> <span class='ocrx_word' id='word_1_257' title='bbox 838 1963 902 1982; x_wconf 87' lang='lat' dir='ltr'>nos</span> <span class='ocrx_word' id='word_1_258' title='bbox 923 1948 1079 1981; x_wconf 80' lang='lat' dir='ltr'>exhibere</span> <span class='ocrx_word' id='word_1_259' title='bbox 1103 1948 1206 1980; x_wconf 87' lang='lat' dir='ltr'>debe-</span> 
     </span>
     <span class='ocr_line' id='line_1_33' title="bbox 74 2008 1205 2055; baseline -0.004 -10"><span class='ocrx_word' id='word_1_260' title='bbox 74 2025 162 2052; x_wconf 82' lang='lat' dir='ltr'>mus,</span> <span class='ocrx_word' id='word_1_261' title='bbox 185 2021 223 2044; x_wconf 90' lang='lat' dir='ltr'>ut</span> <span class='ocrx_word' id='word_1_262' title='bbox 247 2011 338 2054; x_wconf 81' lang='lat' dir='ltr'>digni</span> <span class='ocrx_word' id='word_1_263' title='bbox 363 2011 551 2044; x_wconf 81' lang='lat' dir='ltr'>efficiamur</span> <span class='ocrx_word' id='word_1_264' title='bbox 574 2011 743 2055; x_wconf 84' lang='lat' dir='ltr'>ordine¹)</span> <span class='ocrx_word' id='word_1_265' title='bbox 768 2010 957 2051; x_wconf 82' lang='lat' dir='ltr'>sacerdotii,</span> <span class='ocrx_word' id='word_1_266' title='bbox 978 2023 1022 2043; x_wconf 90' lang='lat' dir='ltr'>ne</span> <span class='ocrx_word' id='word_1_267' title='bbox 1045 2010 1137 2042; x_wconf 79' lang='lat' dir='ltr'>velut</span> <span class='ocrx_word' id='word_1_268' title='bbox 1159 2008 1205 2040; x_wconf 86' lang='lat' dir='ltr'>ir-</span> 
     </span>
    </p>
   </div>
   <div class='ocr_carea' id='block_1_4' title="bbox 76 2071 1206 2118">
    <p class='ocr_par' dir='ltr' id='par_1_4' title="bbox 76 2071 1206 2118">
     <span class='ocr_line' id='line_1_34' title="bbox 76 2071 1206 2118; baseline -0.003 -12"><span class='ocrx_word' id='word_1_269' title='bbox 76 2073 334 2107; x_wconf 82' lang='lat' dir='ltr'>rationabilibus</span> <span class='ocrx_word' id='word_1_270' title='bbox 363 2072 463 2107; x_wconf 83' lang='lat' dir='ltr'>nobis</span> <span class='ocrx_word' id='word_1_271' title='bbox 488 2085 591 2106; x_wconf 77' lang='lat' dir='ltr'>onera</span> <span class='ocrx_word' id='word_1_272' title='bbox 625 2073 734 2115; x_wconf 81' lang='lat' dir='ltr'>gravia</span> <span class='ocrx_word' id='word_1_273' title='bbox 765 2074 1007 2118; x_wconf 75' lang='lat' dir='ltr'>imponantur,</span> <span class='ocrx_word' id='word_1_274' title='bbox 1049 2071 1107 2104; x_wconf 87' lang='lat' dir='ltr'>sed</span> <span class='ocrx_word' id='word_1_275' title='bbox 1130 2079 1206 2103; x_wconf 81' lang='lat' dir='ltr'>tan-</span> 
     </span>
    </p>
   </div>
   <div class='ocr_carea' id='block_1_5' title="bbox 78 2200 1206 2292">
    <p class='ocr_par' dir='ltr' id='par_1_5' title="bbox 78 2200 1206 2292">
     <span class='ocr_line' id='line_1_35' title="bbox 170 2200 1206 2247; baseline -0.004 -12"><span class='ocrx_word' id='word_1_276' title='bbox 170 2203 205 2247; x_wconf 84' lang='grc'>1)</span> <span class='ocrx_word' id='word_1_277' title='bbox 230 2202 315 2235; x_wconf 86' lang='lat' dir='ltr'>Cod.</span> <span class='ocrx_word' id='word_1_278' title='bbox 340 2203 444 2235; x_wconf 82' lang='lat' dir='ltr'>sancti</span> <span class='ocrx_word' id='word_1_279' title='bbox 469 2201 696 2246; x_wconf 78' lang='lat' dir='ltr'>Theoderici:</span> <span class='ocrx_word' id='word_1_280' title='bbox 722 2202 865 2241; x_wconf 80' lang='lat' dir='ltr'>„ordine</span> <span class='ocrx_word' id='word_1_281' title='bbox 887 2201 1068 2237; x_wconf 81' lang='lat' dir='ltr'>sacerdotii</span> <span class='ocrx_word' id='word_1_282' title='bbox 1088 2200 1206 2239; x_wconf 73' lang='lat' dir='ltr'>sancti,</span> 
     </span>
     <span class='ocr_line' id='line_1_36' title="bbox 78 2247 831 2292; baseline 0.001 -13"><span class='ocrx_word' id='word_1_283' title='bbox 78 2261 119 2280; x_wconf 85' lang='lat' dir='ltr'>ne</span> <span class='ocrx_word' id='word_1_284' title='bbox 145 2250 195 2282; x_wconf 70' lang='lat' dir='ltr'>vel</span> <span class='ocrx_word' id='word_1_285' title='bbox 221 2247 507 2283; x_wconf 77' lang='lat' dir='ltr'>irrationabilibus</span> <span class='ocrx_word' id='word_1_286' title='bbox 531 2249 766 2292; x_wconf 75' lang='lat' dir='ltr'>deputemur.“</span> <span class='ocrx_word' id='word_1_287' title='bbox 791 2248 831 2289; x_wconf 25' lang='lat' dir='ltr'>BA.</span> 
     </span>
    </p>
   </div>
  </div>
 </body>
</html>
