1427 2460
210 51 277 85 120
687 52 863 86 Ommzms

211 141 319 174 enim:
350 139 606 185 „legitimum¹)
637 146 846 176 aeternum.⁴‘
900 141 1094 185 Quom’odo
1127 152 1206 183 ergo
1237 148 1343 173 aeter-

210 215 294 236 num
326 211 440 247 potest
471 214 559 242 esse,
593 204 689 247 quod
718 203 848 237 visibile
879 201 952 236 est?
986 216 1064 235 cum
1088 201 1272 247 Apostolus
1297 201 1350 234 di-

212 273 284 297 cat:
307 262 466 308 „quae²)
491 262 580 295 enim
604 263 774 306 videntur,
795 264 997 311 temporalia
1012 274 1108 306 sunt3
1133 276 1220 309 quae
1236 272 1349 297 autem

213 338 285 358 non
310 325 477 364 videntur,
500 333 636 358 aeterna
658 330 768 359 sunt.“
824 326 862 359 Si
893 339 971 368 ergo
1003 325 1148 359 visibiles
1178 334 1257 359 sunt
1279 323 1350 369 pri-

215 386 347 426 mitiae,
373 398 458 431 quae
485 384 681 420 offeruntur
705 388 821 420 Aaron
836 413 844 427 ‚
881 400 968 432 quae
991 387 1133 421 visibilia
1155 395 1251 426 sunt,
1284 384 1353 419 dici

217 457 352 481 aeterna
376 461 448 480 non
472 457 623 492 possunt.
650 448 834 495 *Similiter
857 458 888 482 et
913 448 1123 482 circumcisio
1150 447 1296 487 visibilis,
1320 456 1353 480 et

219 522 335 556 azyma
370 509 517 549 visibile,
554 519 587 542 et
623 511 748 555 pascha
781 510 911 544 visibile
939 524 1074 544 necesse
1107 519 1155 543 est
1179 518 1354 543 aeternum

219 583 292 603 non
318 583 397 611 esse,
421 573 479 604 sed
504 573 712 616 temporale,
737 572 815 617 quia
841 585 928 617 quae
951 572 1125 611 videntur,
1150 569 1354 616 temporalia

219 641 307 666 sunt.
354 632 400 665 Et
423 646 560 666 rursus:
584 634 610 666 si
636 647 723 678 quae
735 647 808 667 non
824 634 992 674 videntur,
1013 642 1150 666 ‘aeterna
1164 641 1251 671 sunt,
1276 643 1355 673 ergo

222 701 256 725 ct
278 692 452 728 invisibilis
477 693 757 739 circumcisio,³)
795 708 881 740 quae
906 704 954 728 est
975 695 1011 728 in
1036 694 1191 734 occulto,
1221 701 1377 726 aeterna.

224 763 282 794 est,
307 765 339 788 et
363 768 480 802 azyma
503 754 700 789 sinceritatis
732 765 765 789 et
793 756 956 796 veritatis,
995 764 1027 789 et
1057 755 1186 801 ipsum,
1218 753 1297 798 quia
1321 766 1360 787 ex

224 815 263 849 iis
289 825 354 856 est,
391 830 478 861 quae
502 830 574 850 non
606 817 779 857 videntur,
812 827 987 851 aeternum
1024 827 1082 851 est.
1145 814 1255 850 Simili
1280 827 1359 857 ergo

224 879 332 910 modo
359 887 391 911 et
413 878 496 911 haec
521 892 593 912 non
619 878 666 918 ei,
691 879 748 923 qui
772 878 808 912 in
824 879 859 922 ⁴)
883 878 1079 919 manifesto,
1113 879 1173 912 sed
1197 876 1264 917 illi,
1302 875 1361 921 qui

224 938 259 971 in
286 940 422 973 occulto
447 940 599 973 Judaeus
623 949 689 980 est,
722 949 753 973 et
785 940 842 984 qui
865 941 995 986 spiritu,
1025 954 1097 974 non
1125 939 1222 972 litera
1253 939 1363 980 legem

228 1001 376 1034 custodit
398 1003 587 1035 secundum
620 1001 816 1035 interiorem
852 1002 1044 1042 hominem,
1073 1000 1219 1044 legitima
1253 1008 1285 1033 et
1308 1011 1364 1032 ae-
1404 1021 1405 1024 =

227 1071 323 1095 terna
348 1063 518 1096 dicuntur.
566 1062 679 1107 „Et-⁴⁵)
703 1063 769 1096 hoc
794 1063 836 1096 sit
859 1064 953 1097 vobis
979 1076 1016 1096 ex
1041 1063 1098 1103 iis,
1131 1074 1218 1107 quae
1240 1060 1365 1095 sancti-

227 1122 375 1156 ficantur
397 1126 547 1157 sanctis.“

317 1184 349 1218 8.
374 1184 429 1218 De
465 1185 634 1220 sacrificiis
667 1187 844 1232 aliquoties
886 1188 979 1231 apud
1009 1196 1135 1221 memet
1163 1185 1275 1231 ipsum
1305 1185 1368 1218 ista

230 1257 432 1289 percurrens
455 1248 629 1292 requisivi:
664 1262 832 1293 quaenam
865 1258 972 1282 essent
1001 1248 1214 1284 sanctificata*
1236 1255 1369 1280 sancta:

232 1316 265 1339 et
288 1306 422 1340 videt‘ur
445 1308 530 1342 mihi
555 1310 648 1354 quasi
672 1311 715 1343 ad
748 1310 999 1343 distinctionem
1025 1323 1164 1348 eorum,
1189 1320 1275 1352 quae
1297 1319 1372 1340 non

231 1367 435 1402 sanctificata
466 1379 580 1403 sancta
619 1381 713 1411 sunt,
755 1370 810 1403 hic
848 1371 1054 1404 sanctificata
1085 1379 1202 1403 sancta
1241 1368 1371 1402 dixisse.

233 1427 322 1461 Puto
349 1442 447 1472 ergo,
473 1432 569 1475 quod
592 1442 724 1465 sanctus
750 1431 894 1477 Spiritus
920 1433 964 1465 ita
989 1440 1121 1465 sanctus
1144 1432 1204 1471 sit,
1231 1439 1270 1464 ut
1298 1443 1372 1463 non

234 1489 275 1522 sit
310 1492 542 1538 sanctificatus.
612 1494 692 1526 Non
729 1493 818 1526 enim
862 1493 892 1526 ei
930 1494 1132 1527 extrinsecus
1167 1501 1200 1525 et
1235 1491 1374 1524 aliunde

235 1552 373 1585 accessit
395 1544 634 1594 sanctificatio,
675 1567 761 1600 quae
798 1564 874 1588 ante
906 1569 978 1588 non
1002 1557 1128 1594 fuerat,
1157 1553 1218 1587 sed
1240 1566 1375 1598 semper

237 1613 300 1645 fuit
323 1623 466 1655 sanctus,
490 1629 554 1648 nec
577 1616 710 1649 initium
735 1616 893 1650 sanctitas
919 1616 988 1663 ejus
1012 1614 1151 1660 accepit.
1195 1613 1376 1658 Similique

239 1675 346 1707 modo
380 1675 422 1707 de
453 1676 551 1710 Patre
584 1687 616 1710 et
645 1677 735 1711 Filio
766 1678 1023 1720 intelligendum
1058 1685 1115 1711 est.
1178 1675 1260 1709 Sola
1284 1675 1377 1708 enim

241 1734 412 1771 Trinitatis
434 1739 618 1772 substantia
643 1748 700 1779 est,
725 1752 812 1784 quae
835 1752 906 1772 non
926 1739 1129 1773 extrinsecus
1147 1746 1284 1782 accepta
1300 1750 1378 1770 san·-

241 1796 454 1839 ctificatione,
476 1802 535 1834 sed
558 1801 609 1834 sui
634 1809 754 1833 natura
786 1789 828 1833 sit
851 1809 974 1833 sancta.
1035 1799 1156 1833 Omnis
1179 1811 1259 1831 vero
1284 1810 1378 1831 crea-

243 1867 316 1891 tura
341 1860 392 1892 vel
417 1860 613 1902 dignatione
635 1861 743 1895 sancti
767 1861 923 1906 Spiritus,
948 1862 999 1895 vel
1021 1861 1224 1895 meritorum
1247 1859 1380 1893 ratione

244 1920 450 1955 sanctificata
474 1933 587 1957 sancta
613 1922 753 1957 dicetur.
803 1923 858 1956 Sic
873 1935 951 1965 ergo
978 1932 1009 1956 et
1033 1923 1197 1968 scriptum
1220 1920 1378 1964 legimus:

343 2067 376 2111 ¹)
405 2068 506 2101 Num.
532 2068 657 2109 xvm,
681 2068 713 2103 8.
809 2069 846 2112 2)
871 2069 902 2101 11
929 2068 1009 2102 cor.
1036 2068 1094 2109 lv,
1118 2067 1173 2102 18.

339 2121 375 2167 ⁸)
401 2122 471 2157 Cfr.
496 2124 596 2158 Rom.
622 2124 665 2165 Il,
687 2124 741 2158 28.
768 2125 822 2159 29.
847 2135 877 2158 et
900 2125 915 2158 l
939 2124 1019 2158 Cor.
1043 2123 1084 2164 V,
1107 2124 1139 2159 8.

340 2179 378 2222 ⁴)
404 2179 474 2214 Cfr.
497 2180 598 2213 Rom.
623 2180 665 2221 II,
687 2179 742 2215 28.
766 2181 819 2215 29.

339 2234 375 2277 ⁵)
399 2236 498 2268 Num.
523 2235 650 2276 XVIII,
671 2235 704 2270 9.
