1427 2460
195 86 262 121 150
675 85 854 120 Omossms

197 187 264 211 tem
289 178 472 210 verborum
499 177 541 209 ad
565 175 858 216 benedicendum,
890 177 948 210 sed
986 176 1133 209 habehat
1164 178 1207 210 ad
1231 178 1335 234 male·-

198 238 392 272 dicendum.
440 238 636 271 Daemones
660 238 750 271 enim
775 240 818 271 ad
842 237 1117 271 maledicendum
1142 238 1337 279 invitantur,

197 314 270 333 non
294 301 336 333 ad
361 299 649 333 benedicendum.
704 299 748 332 Et
777 300 856 332 ideo
888 301 983 345 quasi
1015 309 1168 344 expertus
1200 300 1235 333 in
1259 301 1336 334 tali-

197 363 271 401 bus,
293 361 329 394 in
355 361 522 406 opinione
546 370 617 394 erat
641 362 813 402 omnibus,
838 361 895 406 qui
921 371 1013 395 erant
1029 361 1063 394 in
1083 361 1224 395 oriente.
1267 362 1338 396 Nisi

197 423 287 456 enim
314 423 541 468 experimenta
567 421 639 469 ejus
662 422 810 468 plurima
834 423 1108 467 praecessissent,
1149 425 1245 469 quod
1268 425 1337 457 fre-

197 494 341 529 quenter
363 484 550 518 maledictis
575 485 708 519 hostem
732 485 881 518 vertisset
905 494 1090 527 armatum,
1122 499 1194 519 non
1219 485 1337 530 utique

194 546 449 590 praesumsisset
471 560 538 587 rex,
561 547 629 580 hoc
653 560 754 592 posse
777 547 851 580 fieri
874 547 1099 587 sermonibus,
1123 548 1218 592 quod
1242 548 1335 580 serro

196 617 228 640 et
252 608 324 641 acie
348 609 399 642 vix
424 619 539 654 posset
562 608 709 655 impleri.
769 608 888 642 Certus
919 621 999 650 ergo
1031 608 1160 642 Balach
1191 610 1235 642 de
1258 610 1336 649 hoc,

195 679 227 702 et
249 671 447 714 frequenter
470 680 644 715 expertus,
680 670 809 704 omissis
839 671 998 703 omnibus
1023 670 1272 711 instrumentis,
1304 679 1335 703 et

194 731 324 765 auxiliis
348 731 493 773 bellicis,
530 733 633 766 mittit
656 734 699 766 ad
724 746 802 765 eum
826 733 970 775 legatos,
1007 733 1137 766 dicens:
1175 745 1286 773 „ecce,
1302 732 1338 775 ¹)

192 794 344 838 populus
369 794 467 827 exivit
491 796 534 828 de
556 796 728 842 Aegypto,
754 804 786 827 et
811 795 991 838 cooperuit
1012 793 1133 828 faciem
1160 803 1278 834 terrae,
1304 803 1337 826 et

193 854 249 886 hic
271 854 357 887 sedit
379 854 470 901 juxta
494 860 584 889 me.“
631 857 700 890 Sed
726 865 758 889 et
783 856 927 901 amplius
951 855 1080 900 aliquid
1105 865 1208 900 puto,
1240 856 1335 900 quod

194 916 339 950 moverit
362 929 491 958 regem:
515 918 648 952 videtur
672 919 761 952 enim
788 918 939 957 audisse,
965 917 1044 962 quia
1068 917 1130 950 filii
1153 916 1255 951 Israel
1279 930 1334 949 so-

191 978 263 1010 lent
285 978 400 1011 hostes
424 981 559 1013 vincere
584 979 758 1021 oratione,
789 993 861 1013 non
886 979 1008 1020 armis,
1040 993 1104 1012 nec
1135 988 1205 1011 tam
1230 979 1334 1018 ferro,

191 1052 295 1083 quarn
318 1040 489 1085 precibus.
538 1042 643 1075 Nulla
669 1041 759 1074 enim
778 1042 887 1075 ‘lsrael
912 1042 1090 1075 adversum
1117 1040 1333 1072 Pharaonem

190 1113 283 1133 arma
309 1102 515 1144 commovit,
539 1105 597 1138 sed
623 1103 751 1136 dictum
777 1112 825 1137 est
849 1103 898 1136 ei:
935 1101 1179 1145 ‚,Dominus²)
1202 1113 1336 1146 pugna-

189 1161 240 1195 bit
262 1175 327 1208 pro
352 1162 460 1203 vobis,
485 1172 517 1196 et
541 1176 600 1198 vos
623 1163 807 1197 tacebitis.“
863 1164 932 1197 Sed
963 1176 1027 1196 nec
1051 1173 1171 1197 contra
1198 1163 1334 1196 Amale-

189 1224 294 1258 chitas
319 1226 459 1270 quidem
482 1234 615 1258 tantum
640 1224 687 1257 vis
717 1238 912 1265 armorum,
945 1235 1110 1270 quantum
1134 1225 1243 1258 Mosis
1275 1238 1332 1258 va-

188 1286 251 1318 luit
275 1285 396 1320 oratio.
449 1285 497 1319 Ut
528 1285 617 1319 enim
652 1286 811 1320 elevasset
837 1287 954 1320 Moses
987 1300 1108 1321 manus
1139 1288 1184 1320 ad
1207 1286 1334 1326 Deum,

188 1346 388 1381 vincebatur
412 1347 594 1388 Amalech;
625 1347 781 1380 remissae
811 1361 891 1380 vcro
927 1357 959 1380 et
994 1348 1146 1393 dejectae
1170 1347 1259 1380 vinci
1282 1349 1333 1380 sa-

189 1407 324 1441 ciebant
347 1409 462 1442 Israel.
502 1407 596 1441 Haec
619 1410 776 1452 profecto
799 1408 953 1442 audierat
975 1408 1118 1448 Balach,
1140 1421 1197 1441 rex
1213 1409 1332 1441 Moab.

187 1468 362 1514 Scriptum
388 1479 436 1503 est
459 1469 571 1503 enim:
604 1470 809 1510 „audierunt
822 1470 858 1514 3)
883 1480 1013 1513 gentes,
1052 1479 1084 1504 et
1107 1470 1214 1504 iratae
1236 1478 1333 1503 sunt:

187 1531 326 1565 dolores
350 1531 689 1577 comprehenderunt
712 1531 908 1565 habitantes,
926 1531 1118 1566 philistiim.
1157 1531 1258 1564 Tunc
1281 1532 1332 1564 fe-

185 1591 394 1626 stinaverunt
420 1594 524 1626 duces
548 1593 680 1633 Edom,
712 1603 743 1626 et
774 1592 945 1638 principes
978 1593 1234 1627 Moabitarum:
1271 1605 1332 1637 ap-

184 1653 370 1698 prehendit
395 1667 451 1689 eos
475 1659 639 1688 tremor.“
672 1655 774 1689 Vides
800 1655 990 1699 pervenisse
1014 1656 1058 1687 ad
1083 1667 1151 1695 eos,
1176 1654 1272 1699 quod
1295 1653 1331 1686 in

188 1715 334 1749 Cantico
358 1716 574 1761 praedixerat
596 1717 728 1757 Moses,
762 1717 902 1761 quando
928 1716 1131 1751 transierant
1154 1728 1249 1749 mare
1273 1729 1332 1748 ru-

185 1777 298 1810 brum.
346 1778 511 1811 Audierat
541 1790 620 1820 ergo
646 1791 702 1811 rex
727 1778 854 1817 Moab,
892 1778 970 1823 quia
994 1779 1146 1823 populus
1170 1777 1225 1811 hic
1252 1790 1330 1810 ora·

183 1838 334 1873 tionibus
357 1839 470 1880 vincit,
495 1850 527 1874 et
549 1850 679 1885 pugnat
703 1841 879 1874 adversum
904 1840 1018 1874 hostes
1043 1853 1119 1879 ore,
1151 1853 1225 1873 non
1259 1839 1330 1882 gla-

184 1900 254 1940 dio,
280 1910 312 1934 et
336 1902 383 1935 ob
408 1902 475 1935 hoc
499 1902 573 1936 sine
597 1903 704 1936 dubio
730 1903 823 1947 apud
846 1902 1075 1946 semetipsum
1102 1900 1258 1944 cogitavit
1277 1901 1329 1935 di-

184 1974 279 1995 cens:
305 1963 469 2008 quoniam
496 1964 638 2009 quidem
663 1963 875 1998 orationibus
900 1961 1024 2008 populi
1046 1963 1167 2009 hujus,
1192 1972 1224 1996 et
1249 1974 1327 2016 pre-

182 2022 276 2056 cibus
300 2025 393 2058 nulla
418 2035 562 2070 possunt
587 2038 679 2059 arma
706 2024 871 2065 conferri,
909 2024 987 2057 ideo
1015 2024 1115 2058 etiam
1138 2023 1222 2058 mihi
1247 2024 1329 2057 tales

280 2211 314 2256 ¹)
340 2213 442 2245 Num.
468 2213 583 2253 xxu,
607 2217 639 2249 5.
737 2216 773 2259 2)
797 2215 905 2248 Exod.
934 2214 1026 2252 xlv,
1054 2216 1104 2247 14.

276 2267 313 2311 ³)
337 2267 444 2301 Exod.
470 2269 546 2309 xv,
572 2270 624 2303 14.
651 2272 703 2306 15.
