1427 2460
360 84 396 107 m
420 74 600 107 Nummos
625 71 782 104 HonmuA
804 72 897 105 XIII.
1133 75 1198 108 149

66 166 127 211 pti,
145 166 239 210 quod
263 172 399 209 possent
423 163 504 194 haec
530 170 599 194 arte
624 161 770 205 quadam
796 161 869 193 fieri
894 162 1086 203 verborum,
1111 177 1198 208 quae

66 214 210 260 Iiabetur
232 226 319 259 inter
341 222 514 262 homines,
551 222 678 266 putavit
711 232 743 256 et
767 222 892 255 Mosen
925 236 997 255 non
1021 223 1103 257 haec
1128 225 1196 258 Dei

66 289 197 328 virtute,
220 287 278 320 sed
302 284 428 326 magica
452 293 522 316 arte
547 282 680 322 fecisse,
706 293 736 316 et
760 285 853 328 quod
879 283 1026 318 humana
1054 295 1123 319 arte
1145 288 1196 325 fe-

49 359 172 389 .cerat,
201 349 238 381 id
262 346 327 379 Dei
350 347 477 378 factum
502 343 622 377 virtute
646 344 814 378 simulare.
878 345 1054 379 Convocat
1086 348 1195 381 conti-

17 452 19 454 ·
63 424 134 444 nuo
160 408 401 455 Aegyptiorum
426 407 653 439 incantatores
678 415 710 439 et
732 419 858 449 magos.
906 408 1000 440 Inter
1018 421 1114 449 eum,
1138 409 1196 454 qui

64 471 182 503 virtute
206 469 273 503 Dei
299 468 514 514 operabatur,
540 477 570 501 et
595 480 662 507 eos,
689 468 746 512 qui
772 469 955 502 daemones
978 469 1195 510 invocabant,

62 531 141 564 facit
169 543 238 564 esse
272 539 453 563 certamen.
512 529 628 562 Efficit
656 539 769 563 tarnen
801 529 953 564 similiter
994 539 1026 563 et
1058 540 1193 565 contra-

60 596 108 626 ria
140 592 241 625 virtus
276 591 401 632 virgam
431 599 639 635 serpentem,
678 591 763 624 sicut
797 592 923 624 fecerat
964 590 1085 641 virtus*
1106 592 1192 626 Dei:

61 654 119 687 sed
142 665 298 698 serpens,
334 650 392 696 qui
415 664 477 696 per
500 651 656 684 virtutem
681 651 747 684 Dei
777 653 885 686 factus
915 653 1041 694 fuerat,
1078 655 1196 688 absor-

60 715 135 748 buit
161 724 192 747 et
216 712 386 747 devoravit
409 725 527 745 omnes
551 711 629 745 illos
653 722 840 757 serpentes,
885 713 943 758 qui
975 724 1045 748 arte
1069 717 1197 758 magica

60 791 99 810 ex
123 775 220 817 virgis
242 775 325 809 versi
349 776 483 807 fuerant
506 773 541 805 in
567 783 749 818 serpentes.
786 774 866 807 Non
883 775 972 809 enim
995 777 1108 821 potuit
1131 777 1196 810 vir-

59 849 111 871 tus
137 836 357 870 daemoniaca
381 835 527 874 malum,
554 836 648 878 quod
673 848 710 867 ex
735 836 830 868 bono
854 837 998 878 fecerat,
1023 839 1196 872 restituere

59 900 93 932 in
126 899 268 931 bonum.
332 896 451 930 Potuit
483 909 519 928 ex
551 895 639 937 virga
672 897 784 929 facere
816 908 1025 943 serpentem,
1069 899 1193 943 virgam

61 973 140 993 vero
168 960 311 992 reddere
335 971 371 991 ex
396 966 552 1002 serpente
575 971 647 990 non
672 959 802 1002 potuit:
827 968 858 991 et
881 958 960 992 ideo
987 973 1195 994 consumun-

59 1033 114 1055 tur
138 1033 256 1054 omnes
281 1033 318 1054 ex
344 1033 382 1053 ea
405 1018 512 1061 virga,
545 1031 631 1063 quae
655 1018 722 1051 Dei
753 1021 872 1053 virtute
906 1034 997 1054 versa
1029 1023 1138 1054 fuerat
1160 1022 1195 1054 in

59 1091 260 1128 serpentem.
322 1080 444 1113 Postea
476 1093 556 1112 vero
589 1092 651 1124 per
683 1080 832 1114 divinam
865 1081 1022 1115 virtutem
1054 1092 1197 1116 naturae

58 1156 138 1177 suae
159 1142 324 1181 redditur,
347 1150 384 1174 ut
407 1150 547 1173 naturae
578 1140 769 1174 Dominum
801 1142 972 1176 fateretur.
1026 1142 1196 1176 Fecerunt

58 1204 285 1237 incantatores
311 1202 567 1249 Aegyptiorum,
590 1211 627 1234 ut
653 1211 685 1235 et
707 1215 816 1247 aquae
829 1212 1040 1236 verterentur
1057 1205 1092 1237 in
1117 1218 1193 1238 san-

57 1265 204 1308 guinem,
226 1265 285 1297 sed
310 1276 382 1296 non
410 1273 597 1307 potuerunt
628 1263 747 1296 iterum
779 1264 978 1305 sanguinem
1009 1275 1135 1299 vertere
1160 1266 1194 1299 in

58 1339 191 1370 aquam,
216 1324 281 1357 Dei
307 1333 418 1357 autem
443 1323 545 1357 virtus
570 1338 642 1357 non
667 1338 808 1369 aquam,
833 1327 892 1358 sed
916 1334 1028 1358 totum
1053 1326 1194 1360 fluvium

57 1386 154 1419 vertit
181 1385 216 1418 in
244 1385 456 1427 sanguinem:
498 1394 529 1418 et
553 1399 687 1420 rursum
720 1395 839 1419 orante
877 1387 994 1426 Mose,
1036 1387 1193 1433 lympidis

58 1461 147 1487 eum,
171 1460 209 1480 ac
233 1445 443 1480 naturalibus
467 1446 615 1480 reddidit
638 1446 784 1480 fluentis.
839 1447 883 1480 Et
915 1447 1037 1481 iterum
1061 1450 1193 1493 produ-

57 1517 180 1543 xerunt
202 1507 290 1550 magi
314 1508 557 1555 Aegyptiorum
584 1507 723 1552 smipes,
748 1510 806 1542 sed
832 1522 902 1542 non
927 1518 1116 1554 potuerunt
1139 1523 1192 1545 re—

57 1568 186 1614 pellere
210 1582 273 1602 eas.
321 1570 435 1604 Moses
459 1583 539 1602 vero
564 1569 643 1614 et¹)
677 1571 838 1614 produxit
858 1570 1009 1615 sonipes,
1036 1560 1067 1604 et
1091 1584 1192 1616 repu-

56 1631 153 1674 lit.²)
200 1631 294 1664 Deus
319 1631 408 1664 enim
433 1640 549 1664 noster
574 1632 687 1664 delere
710 1631 809 1671 facit,
833 1641 865 1664 et
888 1631 1010 1665 iterum
1036 1631 1192 1674 restituit3

58 1691 228 1725 contraria
258 1701 371 1724 autem
405 1692 509 1726 virtus
540 1693 629 1725 male
662 1693 800 1737 quidem
825 1694 937 1726 facere
963 1693 1195 1738 aliquid-pot-

59 1762 116 1804 est,
139 1753 197 1786 sed
222 1753 396 1787 restituere
420 1753 455 1786 in
487 1753 655 1796 integrum
688 1768 759 1787 non
784 1764 904 1799 potest.
963 1753 1056 1787 Haec
1081 1763 1193 1787 autem

59 1813 173 1848 omnia
197 1814 441 1859 praemisimus,
465 1824 502 1847 ut
527 1828 630 1860 opera
648 1815 799 1856 Balaam,
825 1817 876 1848 vel
891 1817 994 1849 verba
1019 1814 1089 1860 ejus
1113 1827 1195 1859 pos-

57 1876 161 1910 simus
185 1875 366 1908 advertere.
426 1876 513 1909 Sunt
537 1876 627 1909 enim
660 1886 691 1909 et
713 1890 890 1920 magorum
915 1874 1194 1910 nonnullae'dif-

57 1936 237 1970 serentiae:
262 1936 317 1970 alii
344 1937 431 1970 enim
456 1937 543 1982 plus,
569 1938 624 1971 alii
653 1938 764 1971 minus
786 1938 908 1972 valent.
963 1937 1027 1970 Hic
1053 1937 1194 1970 Balaam

58 1997 302 2031 famosissimus
336 2008 406 2031 erat
437 1999 472 2031 in
505 2008 574 2032 arte
601 1999 748 2041 magica,
787 2008 819 2032 et
841 1999 876 2032 in
900 1998 1107 2032 carminibus
1130 2010 1195 2030 no·-

59 2059 120 2093 xiis
143 2069 354 2104 praepotens.
410 2061 488 2093 Non
521 2060 610 2093 enim
645 2061 794 2093 hahebat
824 2069 1044 2105 potestatem,
1067 2060 1118 2092 vel
1143 2072 1196 2091 ar*

159 2198 192 2239 ¹)
218 2197 319 2230 Deest
346 2202 419 2238 „et“
445 2198 478 2231 in
505 2200 580 2232 edd.
609 2199 655 2232 M.

155 2253 192 2295 α>
217 2253 306 2287 Edd.
332 2253 468 2287 Men-tini
496 2268 692 2300 perperam:
721 2255 869 2289 restituit.
