1427 2460
170 96 239 132 344
661 93 839 127 Omessms

175 186 298 220 multas
333 183 513 219 deducitur
543 182 755 224 mansiones,
790 183 826 216 in
861 182 983 228 quibus
1023 182 1215 218 illuminata
1254 198 1316 231 per

176 249 324 292 singulas
358 246 440 291 (ιιι)
475 255 657 288 augmento
689 236 826 291 semper
857 244 1049 290 splendoris
1089 256 1248 292 accepte,
1281 247 1317 281 in

176 323 385 355 unaquaque
411 308 590 341 mansione
613 309 775 341 illustrata
800 306 982 351 sapientiae
994 306 1032 351 2)
1055 307 1185 341 lumine
1209 321 1317 353 usque

178 374 222 406 ad
245 373 358 417 ipsum
385 369 560 416 perveniat
583 369 753 403 luminum
777 377 921 413 patrem.
969 369 1201 414 „Exierunt³)
1227 384 1319 414 ergo,

177 433 307 478 inquit,
331 433 392 466 filii
416 433 518 466 Israel
544 445 622 464 cum
646 431 768 464 virtute
791 434 884 464 sua.“
936 430 1021 464 Erat
1052 445 1130 464 cum
1161 432 1227 466 illis
1251 433 1317 466 vir-

177 505 231 529 tus
254 496 332 534 illa,
363 507 450 539 quae
476 494 624 527 dixerat:
670 501 812 533 „tecum
826 492 863 537 ⁴)
902 493 1105 526 descendam
1145 491 1182 526 in
1210 496 1320 541 Aegy-

178 560 322 602 ptum:“
355 565 387 590 et
411 556 489 601 quia
514 565 586 588 erat
610 567 688 588 cum
712 555 780 588 illis
803 555 864 588 ista
887 554 1008 594 virtus,
1032 564 1215 599 propterea
1240 556 1321 590 dicit

178 618 368 663 propbeta:
401 617 503 661 ‚,et⁵)
527 630 601 650 non
626 626 697 650 erat
718 616 755 649 in
779 615 935 649 tribubus
961 629 1081 650 eorum
1110 616 1320 653 infirmans.“

178 679 391 724 Exierantfi)
417 689 530 712 autern
555 678 591 711 in
617 692 723 712 manu
740 677 857 718 Musis,
883 687 914 710 et
941 678 1068 712 Aaron.
1116 679 1173 712 Ad
1194 692 1319 714 exeun-

180 743 262 775 dum
289 743 332 775 de
355 743 510 788 Aegypto
536 754 607 773 non
633 740 760 774 sufficit
785 752 852 773 una
886 752 1006 772 manus
1030 739 1155 780 Mosis,
1187 741 1327 786 quaeri:

179 812 236 836 tur
263 812 297 836 et
338 816 458 836 manus
483 804 610 836 Aaron.
676 803 794 836 Moses
838 800 967 834 indicat
1010 800 1184 835 scientiam
1229 804 1319 847 legis,

180 867 300 899 Aaron
331 864 543 899 sacrificandi
577 864 654 897 Deo
688 873 720 897 et
749 862 953 898 immolandi
989 863 1158 908 peritiam.
1222 865 1320 911 Opus

182 936 230 962 est
255 939 353 968 ergo,
388 936 424 959 ut
457 936 613 960 exeuntes
646 927 689 959 de
712 927 866 973 Aegypto
897 938 970 957 non
1001 925 1114 958 solum
1145 927 1321 962 scientiam

182 989 263 1031 legis
297 998 328 1021 et
358 988 457 1028 fidei,
494 990 553 1022 scd
586 1002 752 1034 operum,
788 987 911 1032 quibus
935 987 1014 1020 Deo
1042 988 1215 1032 placetur,
1247 991 1319 1023 fru-

181 1059 255 1084 ctus
267 1051 461 1083 habeamus.
509 1050 592 1084 ideo
608 1051 700 1084 enim
724 1059 757 1083 et
780 1062 901 1082 manus
927 1059 1220 1083 commemoratur
1239 1051 1318 1085 Μο-

180 1111 224 1146 sis
250 1122 282 1145 et
304 1113 441 1151 Aaron,
467 1121 505 1145 ut
532 1126 638 1157 opera
662 1125 724 1157 per
748 1124 870 1144 manus
902 1110 1076 1153 intelligas.
1131 1111 1270 1153 Etenim
1292 1113 1320 1147 si

182 1174 294 1208 exiens
319 1175 361 1207 de
387 1175 559 1220 Aegypto,
595 1183 628 1206 et
651 1186 834 1207 conversus
859 1168 901 1206 ad
926 1172 1041 1205 Deum
1075 1171 1232 1218 abjiciam
1262 1189 1320 1209 su-

180 1236 356 1281 perbiam,
392 1249 454 1282 per
477 1248 597 1269 manus
623 1237 741 1268 Aaron
766 1244 902 1269 taurum
927 1234 1005 1268 Deo
1030 1234 1225 1270 sacrificavi.
1281 1237 1319 1272 Si

181 1298 421 1344 petulantiam,
467 1297 706 1342 lasciviamque
752 1309 950 1342 peremero,
992 1296 1125 1330 hircum
1162 1298 1318 1334 Domino

185 1358 354 1405 jugulasse
387 1372 442 1392 me
475 1361 592 1393 Aaron
624 1359 783 1393 manibus
808 1359 955 1392 credam.
1008 1358 1046 1393 Si
1069 1358 1249 1394 libidinem
1274 1361 1323 1394 vi·-

183 1434 281 1461 cero,
311 1421 472 1454 vitulum:
508 1421 534 1454 si
563 1421 756 1462 stultitiam,
801 1434 896 1454 ovem
936 1420 1131 1453 immolasse
1167 1421 1321 1456 videbor.

183 1483 241 1518 Sic
275 1495 354 1525 ergo
387 1496 464 1516 cum
506 1483 640 1517 animae
678 1483 755 1516 vitia
795 1490 1003 1526 purgantur,
1045 1495 1165 1516 manus
1203 1485 1322 1518 Aaron

186 1554 348 1590 operatur
371 1544 405 1577 in
431 1544 548 1577 nobis:
575 1553 605 1578 et
630 1558 752 1577 manus
773 1543 879 1576 Mosis
893 1542 1072 1576 nobiscum
1098 1553 1155 1584 est,
1179 1558 1257 1579 cum
1277 1548 1322 1581 ad

182 1607 265 1640 hacc
288 1606 361 1651 ipsa
385 1605 602 1648 intelligenda
625 1606 861 1639 illuminamur
885 1618 922 1637 ex
946 1605 1028 1646 lege.
1074 1605 1119 1639 Et
1133 1605 1212 1640 ideo
1231 1617 1323 1642 utra-

186 1681 253 1713 que
276 1681 396 1701 manus
420 1667 609 1701 necessaria
635 1677 682 1701 est
705 1668 747 1700 de
773 1669 925 1714 Aegypto
951 1667 1182 1708 excuntibus‚-
1203 1678 1239 1702 ut
1268 1668 1322 1702 in-

182 1728 339 1763 veniatur
360 1730 395 1763 in
419 1728 458 1763 iis
488 1743 560 1762 non
585 1729 697 1762 solum
722 1728 813 1769 fidei,
838 1737 870 1762 et
890 1728 1067 1769 scientiae,
1089 1730 1149 1763 sed
1173 1740 1205 1764 et
1228 1741 1322 1764 actu-

186 1804 245 1824 um
277 1804 492 1836 operumque
525 1791 709 1836 perfectio:
758 1800 789 1824 et
828 1799 939 1824 tamen
974 1800 1137 1836 utraeque
1160 1793 1224 1826 hae
1246 1806 1320 1826 non

281 1953 316 1996 ¹)
340 1952 446 1987 Deest
468 1955 547 1993 „et“
570 1953 605 1986 in
631 1954 707 1987 edd
731 1953 778 1986 M

277 2009 316 2053 ²)
340 2009 431 2042 Edd.
455 2009 596 2044 Merlini
620 2022 818 2061 perperam:
853 2008 1038 2053 sapientiae
1061 2008 1192 2042 lumine
1213 2022 1322 2054 usque

184 2055 359 2099 perveniat
381 2054 458 2087 ad
448 2068 579 2099 ipsum,
604 2054 779 2100 perveniat
803 2054 972 2087 luminum
996 2063 1138 2099 patrem.

277 2110 315 2154 ³)
338 2111 441 2143 Num.
466 2111 631 2151 XXXIII,
655 2114 685 2147 1.

278 2165 316 2210 ⁴²)
342 2165 464 2199 Genes.
487 2167 609 2207 XLVI,
633 2168 664 2201 4.
688 2187 730 2192 —
755 2167 844 2200 Edd.
868 2165 1083 2199 Merliniz‘in
1108 2165 1273 2212 Aegypto.

280 2221 316 2266 ⁵)
341 2220 463 2255 Psalm.
489 2221 562 2263 CV,
585 2224 640 2257 37.

279 2277 316 2322 ⁶)
339 2277 429 2312 Edd.
455 2277 609 2312 Merlini:
634 2278 797 2312 Exierunt
822 2288 932 2312 autem
961 2287 1020 2311 etc.
