1427 2460
366 53 403 78 m
427 44 606 78 Nummos
631 40 792 76 Homum
818 42 894 76 XII.
1095 59 1098 63 ⁴
1152 46 1218 81 129

75 133 201 167 Donec
227 133 317 167 enim
344 142 434 167 terra
458 132 605 175 contegit
628 146 794 178 aquarum
819 146 931 174 venas,
956 141 988 166 et
1003 134 1141 168 obturat
1156 148 1213 169 oc-

77 194 206 228 cultum
237 195 372 235 fluenti,
409 207 479 227 non
515 203 628 239 potest
647 194 737 239 'puri
768 195 874 229 laticis
905 196 998 229 unda
1028 196 1212 241 profluere.

75 255 236 305 Denique
258 265 437 301 propterea
469 255 679 301 scriptum&
706 266 770 298 est,
807 257 885 302 quia
915 257 1014 302 pueri
1039 258 1213 291 Abraham

76 318 254 351 fodiebant
284 326 426 362 puteos,
462 318 520 351 sed
558 318 738 363 replebant
770 328 870 364 atque
913 318 1116 363 operiebant
1154 331 1212 352 eos

76 388 165 412 terra
190 377 379 412 philistiim.
427 378 496 413 Sed
521 388 555 412 et
577 379 687 420 Isaac,
718 380 776 424 qui
807 380 1030 414 hereditatem
1053 392 1211 424 suscepe-

74 449 126 473 rat
147 438 262 484 patris,
282 453 416 474 rursum
443 440 531 474 fodit
554 450 694 486 puteos,
728 451 760 475 et
789 434 914 475 terram
938 440 1082 474 removit
1105 441 1213 474 Phili-

73 500 261 542 stinorum,
294 514 397 547 quam
429 516 490 547 per
521 502 683 536 invidiam
713 503 902 549 injecerant
925 502 1030 548 aquis.
1087 501 1157 536 Sed
1182 513 1212 536 et

73 562 160 596 illud
184 563 434 597 observavimus
457 563 493 596 in
521 556 664 604 Genesi,
697 565 790 598 unde
821 574 852 598 et
884 564 1024 598 historia
1054 563 1137 598 haec
1162 564 1210 597 vi-

74 625 173 658 detur
197 634 360 666 assumta,
385 626 501 670 quod,
525 628 644 660 'donec
669 626 793 664 viveret
815 626 1009 665 Abraham,
1039 639 1112 659 non
1135 627 1209 660 fue-

73 695 154 719 runt
176 687 248 721 ausi
271 686 451 720 Philistiim
472 689 608 732 replere
631 697 769 733 puteos,
809 695 867 720 aut
896 685 1036 733 injicere
1069 687 1108 735 iis
1144 697 1209 720 ier—

71 761 154 783 ram.
206 749 276 783 Sed
308 762 385 782 cum
423 748 560 783 excessit
590 762 628 782 ex
660 749 723 782 hac
755 747 838 788 vita,
883 757 966 782 tunc
996 748 1212 782 invaluerunt

73 808 271 851 philistiim,
303 819 335 844 et
365 810 512 845 insidiati
536 819 614 844 sunt
645 810 753 855 puteis
786 809 867 856 ejus.
915 811 984 844 Sed
1008 819 1210 856 reparantur

69 872 290 916 postmodum
315 885 378 918 per
400 872 504 912 Isaac,
529 881 562 905 et
584 873 729 906 redeunt
753 872 787 905 in
812 860 936 905 statum
961 885 1070 906 suum.
1105 872 1210 905 Prae-

71 942 163 966 terea
187 942 219 967 et
242 933 378 978 puer2)
401 934 593 974 Abraham,
626 947 703 967 cum
727 934 837 979 pergit
860 927 1210 979 uxoremwspondere,

70 994 171 1038 vel³)
205 995 374 1029 deducere
407 995 516 1036 Isaac,
552 997 645 1041 apud
677 1005 819 1041 puteum
853 995 981 1029 invenit
1009 995 1212 1037 Rebeccam,

71 1069 159 1101 quae
181 1057 421 1102 interpretatur
441 1057 617 1102 patientia:
643 1058 726 1090 haec
751 1057 897 1091 efficitur
911 1070 998 1090 uxor
1010 1058 1113 1098 Isaac,
1137 1072 1210 1091 non

72 1116 153 1150 alibi
176 1117 239 1151 nisi
264 1119 355 1162 apud
379 1128 508 1163 puteos.
557 1118 722 1169 Similiter
746 1128 778 1152 et
800 1119 970 1162 Jacob,4)
985 1132 1062 1152 cum
1083 1119 1120 1152 in
1133 1119 1210 1153 Me-

71 1179 300 1224 sopotamiam
331 1180 439 1219 venit,
472 1180 600 1214 habens
631 1189 853 1225 praeceptum
878 1180 1006 1225 -patris,
1042 1194 1086 1215 ne
1110 1181 1211 1215 alieni

71 1240 202 1283 generis
232 1241 284 1274 vel
315 1242 464 1275 extranei
495 1242 665 1284 sanguinis
705 1241 885 1287 conjugem
916 1251 1084 1283 sumeret,
1118 1244 1212 1288 apud

70 1311 191 1346 puteos
216 1302 316 1335 etiam
339 1303 412 1346 ipse
435 1302 562 1336 invenit
585 1302 723 1336 Rachel.
769 1303 815 1336 Et
826 1303 943 1336 Moses
957 1303 993 1347 ⁵)
1018 1303 1211 1348 Sephoram

71 1364 164 1407 apud
188 1372 310 1408 puteos
333 1364 469 1409 reperit.
518 1364 554 1398 Si
580 1377 659 1407 ergo
684 1363 893 1405 intellexisti,
917 1378 1003 1410 quae
1027 1365 1212 1410 qualesque

71 1423 137 1458 sint
159 1437 282 1458 uxores
305 1435 514 1465 sanctorum,
539 1425 637 1459 etiam
662 1435 699 1459 tu
722 1425 750 1460 si
773 1427 821 1460 vis
844 1426 1043 1471 patientiam
1067 1426 1104 1460 in
1129 1440 1212 1460 con-

71 1485 201 1531 jugium
224 1486 288 1521 tibi
312 1486 514 1527 adsciscere,
543 1487 569 1521 si
594 1488 813 1533 sapientiam,
846 1499 877 1522 et
889 1488 926 1533 6)
957 1487 984 1521 si
1017 1501 1104 1533 quae
1128 1488 1214 1522 aliae

74 1557 152 1581 sunt
174 1548 308 1583 animae
331 1548 469 1582 virtutes
504 1558 535 1581 et
561 1548 683 1589 dicere,
708 1550 804 1594 quod
828 1551 871 1583 de
894 1549 1057 1594 sapientia
1082 1549 1211 1583 dictum

75 1618 141 1643 est:
178 1611 288 1651 „hanc
301 1610 337 1655 ⁷)
372 1610 498 1651 amavi,
535 1610 623 1644 hanc
648 1611 795 1656 quaesivi
819 1613 989 1645 adducere
1017 1611 1102 1644 mihi
1125 1625 1211 1644 uxo-

61 1674 190 1704 ‹rem:“
215 1680 284 1705 esto
309 1672 486 1717 frequens,
518 1681 587 1706 esto
613 1672 763 1707 assiduus
789 1673 879 1707 circa
902 1681 1025 1718 puteos
1048 1673 1148 1713 istos,
1182 1682 1213 1705 et

77 1730 128 1764 ibi
151 1732 298 1777 reperies
320 1733 518 1779 hujusmodi
542 1733 733 1779 conjugem.
788 1736 893 1780 Apud
918 1747 1021 1779 aquas
1045 1735 1136 1768 enim
1163 1734 1212 1767 vi-

80 1806 145 1834 vas,
168 1793 205 1827 id
229 1803 287 1835 est,
313 1796 406 1840 apud
430 1795 567 1829 viventis
590 1796 685 1829 verbi
710 1797 850 1836 fluenta,
874 1805 1003 1829 certum
1029 1805 1076 1828 est
1095 1807 1214 1829 omnes

172 1917 207 1960 ¹)
226 1916 304 1950 ,Cfn
331 1917 454 1951 Genes.
478 1916 607 1951 XXVI.
703 1918 741 1962 ²)
766 1917 836 1950 Cfr.
861 1916 982 1950 Genes.
1007 1917 1133 1950 XXlV.

170 1973 208 2018 3)
231 1972 322 2007 Edd.
348 1973 486 2007 Merlini
509 1973 620 2006 minus
646 1983 818 2006 accurate:
842 1973 893 2005 vel
910 1973 1096 2005 deducere:
1122 1972 1213 2005 Isaac

78 2019 170 2063 apud
193 2027 336 2063 puteum
362 2027 422 2051 etc.

170 2073 208 2118 ⁴)
234 2074 304 2108 cfr.
330 2074 453 2107 cenes.
481 2074 610 2107 XXIX.
708 2074 745 2117 ⁵)
771 2073 841 2106 cfr.
866 2047 975 2106 Exo'd.
1000 2073 1041 2105 ιι.

171 2128 209 2173 ⁶)
232 2131 323 2164 Edd.
348 2130 502 2163 Merlini:
535 2140 567 2163 et
594 2130 621 2163 si
655 2143 742 2175 quae
773 2129 852 2162 illae
882 2137 960 2163 sunt
983 2129 1086 2161 animi
1113 2130 1215 2162 virtu-

79 2185 126 2210 tes
151 2186 211 2208 etc.

172 2231 208 2275 ⁷)
235 2231 305 2265 Cfr.
335 2232 414 2277 Sap.
442 2232 618 2267 Salomon.
648 2231 717 2270 Vll,
744 2232 792 2265 10.

80 2290 258 2327 Omcnms
282 2293 420 2327 OPERA.
446 2294 543 2327 Tom.
569 2295 610 2326 X.
930 2292 951 2323 9
