1427 2460
320 98 357 121 m
382 89 559 120 Nummos
584 85 745 118 Homum
769 84 913 117 XXVII.
1114 85 1183 120 343

51 193 120 224 quo
145 179 359 224 perveniatur
390 178 432 210 ad
464 176 641 216 ultimum,
674 174 745 207 imo
770 175 812 208 ad
837 187 1009 208 summum
1034 175 1177 217 gradum

51 242 229 281 virtutum,
260 249 293 273 et
325 247 513 272 transeatur
536 238 664 270 flumen
690 237 778 276 Dei,
815 250 852 270 ac
876 235 1041 280 promissa
1073 236 1176 270 susci—

40 301 161 348 ·piatur.
183 301 381 335 haereditas.

137 366 168 400 6.
214 362 355 407 Duplici
379 361 480 404 igitur
503 361 713 406 expositione
737 369 887 400 utentes,
912 372 1051 392 omnem
1074 359 1178 399 hunc,

48 426 106 471 qui
129 425 283 458 recitatus
307 434 372 466 est,
397 424 624 463 ,considerare
649 423 813 455 debemus
837 421 994 455 ordinem
1025 420 1176 453 mansio—

44 501 146 527 num,
183 496 221 519 ut
252 499 290 519 cx
321 494 469 530 utroque
501 484 543 518 sit
576 484 711 517 animae
733 494 869 517 nostrae
892 484 1084 528 profectus,
1119 494 1176 524 ag—

46 549 262 582 noscentibus
293 562 331 581 ex
362 548 420 587 iis,
458 547 508 579 vel
533 547 617 579 haec
642 545 725 585 vita,
763 559 850 591 quae
883 558 921 577 ex
953 542 1176 576 conversione

45 610 169 644 erroris
191 611 300 653 legem
326 609 391 642 Dei
416 608 587 653 sequitur,
617 607 763 652 qualiter
787 606 839 649 agi
864 607 1003 645 debeat,
1039 604 1091 637 vel
1120 606 1174 638 fu-

45 681 141 705 turae
163 671 252 716 spei,
275 684 362 716 quae
385 683 423 703 ex
447 668 694 703 resurrectione
726 667 950 712 promittitur,
983 676 1107 711 quanta
1134 666 1177 700 sit

44 732 256 778 exspectatio.
310 732 367 766 Sic
392 732 480 765 enim
505 741 609 776 puto,
636 731 731 775 quod
748 731 780 773 ¹)
804 730 860 769 iis,
898 742 983 774 quac
1007 730 1175 771 leguntur.

45 795 144 837 digna
168 794 274 828 sancti
298 793 444 839 Spiritus
467 792 599 834 legibus
624 791 842 833 intelligentia
867 793 1039 825 doceatur.
1087 792 1174 824 Nam

41 857 128 889 scire
148 856 182 888 in
209 856 342 889 deserto
364 854 441 894 fllo,
466 855 524 899 qui
549 854 657 887 dictus
679 852 720 886 sit
743 854 839 886 locus
860 853 934 894 ille,
966 853 1043 892 ubi,
1079 852 1174 885 verbi

41 917 162 959 gratia,
205 916 453 963 applicuerunt⁸
479 925 562 948 tunc
599 923 808 948 transeuntes
839 914 900 948 filii
934 915 1053 954 Israel,
1089 914 1172 959 quid

41 978 125 1012 mihi
145 978 295 1011 utilitatis
319 979 435 1019 assei-t,
468 986 525 1011 aut
555 976 637 1021 quid
670 976 858 1018 legentibus
891 989 929 1010 ex
960 976 1027 1009 hoc
1056 977 1174 1021 profe-

43 1049 126 1081 ctus,
150 1049 183 1073 et
204 1041 312 1082 legem
326 1039 392 1072 Dei
410 1039 464 1072 die
490 1053 529 1072 ac
552 1047 655 1071 nocte
678 1037 922 1072 meditantibus
950 1037 1172 1071 conferatur?

39 1102 186 1135 maxime
210 1115 287 1134 cum
312 1100 503 1140 videamus,
533 1108 662 1132 tantam
685 1099 785 1132 fuisse
809 1113 925 1132 curam
950 1099 1105 1133 Domino
1131 1099 1174 1132 de

41 1163 109 1196 istis
133 1162 369 1196 mansionibus
394 1150 662 1206 perscribendi&
697 1169 734 1193 ut
758 1161 942 1205 descriptio
975 1174 1090 1194 earum
1122 1174 1174 1194 se-

41 1224 206 1268 cund02)
240 1222 307 1269 jam
342 1225 420 1256 loco
452 1222 572 1256 divinis
604 1223 731 1265 legibus
764 1222 947 1255 inderetur.
1008 1223 1173 1256 Comme-

39 1295 171 1319 morat-‘1
193 1276 271 1319 sunt
295 1286 383 1318 enim
409 1284 552 1318 nomina
576 1283 655 1324 ista,
687 1284 765 1316 licet
788 1284 823 1317 in
847 1283 1022 1317 nonnullis
1046 1284 1172 1317 immu-

40 1356 126 1387 tata,
162 1346 229 1392 jam
255 1356 354 1386 tunc,
392 1360 470 1378 cum
503 1359 564 1390 per
590 1345 666 1378 loca
690 1346 820 1386 singula
847 1347 989 1379 elevasse
1013 1345 1172 1378 dicuntur

39 1409 100 1441 filii
124 1408 226 1441 Israel
251 1409 293 1440 de
317 1407 378 1440 illo
403 1408 495 1447 loco,
520 1416 552 1440 ct
577 1406 793 1451 applicuisse:
815 1409 874 1440 sed
899 1417 930 1440 et
942 1421 1034 1440 nunc
1048 1406 1169 1440 iterum

39 1482 100 1514 per
124 1470 264 1501 verbum
290 1468 437 1502 Domini
462 1468 607 1501 describi
630 1466 793 1512 jubentur
818 1482 834 1500 a
860 1468 966 1501 Mose.
1013 1469 1115 1501 Unde
1139 1478 1171 1501 et

39 1532 106 1564 hoc
130 1531 260 1575 ipsum,
291 1531 385 1574 quod
409 1531 562 1563 secundo
587 1529 749 1573 repetitur
771 1529 833 1562 ista
858 1530 1061 1575 descriptio,
1095 1531 1170 1565 satis

41 1592 236 1636 congrue3)
268 1591 353 1625 mihi
378 1592 511 1624 videtur
535 1592 578 1624 ad
602 1590 799 1637 mysterium
825 1592 1044 1635 expositionis
1068 1592 1169 1638 hujus

40 1667 142 1698 quam
166 1652 429 1697 proposuimus:
454 1652 504 1685 bis
530 1652 619 1685 enim
644 1661 852 1696 repetuntur,
867 1662 907 1686 ut
931 1654 1014 1687 duas
1038 1654 1170 1688 animae

40 1717 258 1748 ostenderent
280 1714 364 1747 vias:
390 1727 512 1753 unam,
545 1727 608 1758 qua
644 1713 678 1745 iu
712 1726 812 1746 carne
843 1715 951 1758 posita
976 1729 1037 1760 per
1059 1717 1167 1759 legem

38 1776 104 1810 Dei
129 1777 164 1809 in
188 1776 366 1809 virtutibus
390 1785 581 1814 exercetur,
609 1785 639 1807 et
663 1788 725 1819 per
748 1777 869 1817 gradus
894 1777 1058 1821 quosdam
1083 1791 1167 1822 pro-

39 1840 163 1871 fectum
189 1838 398 1871 adscendens
421 1838 546 1881 pergit,
577 1845 616 1869 ut
641 1836 802 1877 diximus,
834 1838 876 1869 dc
899 1838 1020 1871 virtute
1042 1838 1077 1871 in
1102 1839 1167 1872 vir-

37 1909 161 1939 tutem,
185 1908 218 1932 ct
240 1898 322 1943 ipsis
345 1898 555 1943 profectibus
580 1899 674 1942 quasi
698 1898 932 1932 mansionibus
955 1900 1077 1944 utitur-3
1106 1901 1168 1934 ali-

37 1974 92 1994 am
116 1974 214 2000 vcro,
239 1972 304 2005 qua
328 1969 405 2004 post
434 1959 716 1993 resurrectionem
748 1961 949 1994 adscensum
978 1963 1022 1995 ad
1053 1964 1168 1997 coelos

37 2035 108 2055 non
131 2021 254 2062 subito,
277 2034 341 2054 nec
363 2023 559 2066 importune
582 2022 626 2055 ad
649 2035 780 2055 summa
806 2022 1012 2064 conscendit,
1034 2024 1093 2058 sed
1106 2036 1168 2069 per

133 2148 168 2192 ¹)
195 2148 285 2181 Edd.
309 2148 466 2183 Merlini:
490 2151 585 2194 quod
608 2150 644 2183 in
667 2149 707 2183 iis
731 2159 792 2183 etc.

131 2204 169 2248 ²)
191 2203 281 2237 Edd.
306 2204 463 2240 Merlini:
485 2207 638 2240 secundo
662 2204 731 2251 jam
754 2206 823 2241 hoc
848 2206 967 2243 divinis
989 2217 1051 2242 etc.

129 2258 169 2303 ³)
196 2259 286 2294 Edd.
310 2260 469 2295 Merlini:
494 2274 691 2305 congruere.
