1427 2460
373 91 413 117 m
434 81 613 115 Nummos
635 79 796 114 HommA
816 79 889 113 VII.
1051 124 1062 136 Ι
1153 82 1200 117 65

57 186 173 216 gnum,
200 172 295 218 quod
319 171 369 206 illi
391 171 628 218 perdiderunt,
650 180 688 204 ut
711 169 902 216 impleatur,
925 170 1019 215 quod
1033 171 1197 215 scriptum

57 245 120 268 est:
144 235 239 279 „quis
263 233 406 278 accipiet
429 247 448 266 a
477 233 609 275 gigante
639 232 747 277 spolia
759 231 797 265 ?“
835 232 937 265 Unde
969 241 1001 265 et
1024 232 1196 266 Dominus

55 297 188 330 (licebat
211 297 246 330 iu
271 295 473 337 Evangelio:
498 307 624 334 „nemo
641 294 675 338 ¹)
700 302 811 338 potest
828 293 972 326 introire
991 293 1025 327 in
1050 295 1193 327 domum

53 357 160 396 fortis,
185 366 217 390 et
240 356 387 400 diripere
409 368 486 388 vasa
511 354 591 400 eju5‚
617 354 679 388 nisi
703 355 797 399 prius
821 355 1005 397 alligaverit
1027 357 1192 389 fortem:“

54 418 112 463 qui
135 418 212 451 licet
236 427 377 462 propter
398 417 594 461 superbiam
619 430 713 450 suam
739 431 757 450 a
782 419 887 450 domo
907 418 1041 451 coelesti
1061 416 1129 462 jam
1151 416 1194 451 sit

56 478 197 526 ejectus,
228 489 266 512 tu
290 488 401 511 tamen
425 478 489 511 nisi
513 477 629 511 viceris
654 468 768 517 illum,
794 492 866 511 non
889 478 1044 511 introibis
1066 480 1102 512 in
1127 479 1191 512 do-

52 554 149 574 mum
172 540 277 574 fortis.
332 541 403 573 Nec
434 539 522 573 vinci
551 541 682 579 solum,
717 530 832 572 vertim
869 550 901 572 et
932 540 1060 582 alligari
1090 541 1188 573 illum

53 611 200 653 oportq
253 602 325 635 Nisi
360 602 449 634 enirn
475 601 645 642 alligetur,
677 601 942 646 haudquaquam
975 611 1087 635 tutum
1119 616 1189 636 esse

0 684 1 696 ι
50 664 178 710 poterit
207 664 270 697 iter
294 672 459 696 nostrum.
512 663 613 695 Nunc
646 674 725 704 ergo
751 672 915 707 quantum
941 665 983 696 ad
1009 677 1188 709 compara-

50 725 180 758 tionem
204 726 383 762 humanae,
407 733 439 756 et
463 723 683 757 daemonicae
696 733 847 766 naturae,
872 737 936 757 nos
959 725 1110 758 locustae
1132 739 1190 759 su-

50 800 137 827 mus,
161 795 194 820 et
216 786 266 819 illi
288 787 453 829 gigantes:
483 794 516 818 et
543 786 728 830 praecipue
757 785 786 818 si
818 786 922 818 dubia
951 787 992 820 sit
1014 787 1097 820 fides
1121 800 1187 819 no-

49 856 135 889 stra,
169 856 200 880 et
223 847 250 880 si
273 861 336 881 nos
359 856 544 892 perterreat
566 846 764 888 infidelitas,
802 847 852 880 illi
882 848 1009 891 vere²)
1041 847 1188 890 gigantes

50 918 168 949 erunt,
192 917 224 941 et
246 922 309 942 nos
333 909 492 942 locustae.
539 908 576 942 Si
596 922 675 941 vero
701 922 885 953 sequamur
905 909 1035 949 Jesum,
1061 919 1092 942 et
1115 922 1187 942 cre-

50 971 170 1003 damus
199 969 309 1004 verbis
339 968 427 1015 ejus,
452 983 490 1003 ac
514 970 582 1003 fide
608 970 677 1016 ejus
701 970 912 1014 repleamur,
947 979 1109 1016 tanquam
1133 970 1187 1004 ni-

49 1031 99 1064 hil
124 1041 222 1065 erunt
244 1032 280 1064 in
306 1040 490 1076 conspectu
513 1041 642 1064 nostro.
678 1032 769 1065 Audi
794 1032 895 1072 enim,
921 1033 1098 1077 quomodo
1122 1047 1187 1066 nos

50 1092 220 1135 hortatur,
254 1102 285 1126 et
309 1093 407 1126 dicit:
442 1093 538 1135 „si3)
570 1102 660 1126 amat
683 1106 747 1126 nos
771 1093 882 1134 Deus,
905 1093 1101 1127 introducet
1123 1108 1187 1128 nos

50 1152 86 1186 in
109 1162 234 1186 terram
258 1155 382 1186 hanc:“
416 1153 579 1199 quoniam
610 1154 703 1186 bona
728 1163 792 1194 est,
823 1165 854 1188 et
876 1155 1006 1188 fructus
1028 1154 1100 1200 ejus
1123 1155 1188 1188 rni-

52 1214 177 1248 rabilis.
225 1214 342 1261 Typus
366 1227 462 1256 ergo,
494 1224 527 1247 et
550 1216 674 1256 figura,
705 1228 792 1259 quae
820 1216 1000 1259 praecessit
1021 1216 1058 1249 in
1081 1217 1186 1261 patri-

51 1276 125 1315 bus,
151 1277 343 1320 completur
365 1276 401 1308 in
422 1275 532 1309 nobis.
578 1275 764 1321 Ejecerunt
785 1277 834 1309 illi
859 1286 987 1318 gentes,
1013 1286 1045 1309 et
1068 1291 1187 1311 conse-

51 1336 119 1369 cuti
141 1346 220 1369 sunt
242 1336 464 1375 hereditatem
480 1350 610 1370 eorum.
649 1337 830 1371 Consecuti
852 1347 930 1370 sunt
943 1337 1032 1371 enim
1048 1351 1187 1372 omnem

49 1407 173 1432 terram
197 1399 361 1439 Judaeae,
386 1408 417 1432 et
437 1398 625 1432 Jerusalem
649 1398 825 1439 civitatem,
855 1407 886 1432 et
910 1407 1064 1432 montem
1088 1399 1186 1436 Sion.

51 1459 145 1493 Haec
176 1459 213 1492 in
242 1459 307 1493 illis
338 1460 477 1504 impleta
508 1469 605 1500 sunt,
643 1461 687 1493 ad
714 1469 747 1493 te
776 1470 888 1493 autem
921 1460 1004 1505 quid
1036 1460 1184 1494 dicitur?

49 1521 143 1562 Non,
164 1520 286 1566 inquit,
309 1520 487 1554 accessistis
510 1522 554 1554 ad
579 1534 628 1561 ea,
651 1535 739 1566 quae
763 1521 903 1556 visibilia
926 1531 1022 1562 sunt,
1055 1523 1116 1556 sed
1141 1522 1185 1554 ad

49 1582 239 1616 invisibilia.
284 1581 543 1626 „Accessistis⁴)
567 1582 674 1623 enim,
708 1583 836 1628 inquit,
875 1584 918 1616 ad
941 1592 1093 1616 montem
1117 1583 1186 1616 Dei

51 1643 199 1684 viventis,
224 1652 256 1676 et
279 1645 320 1677 ad
346 1645 511 1678 civitatem
536 1645 715 1678 coelestem
739 1645 947 1687 Jerusalem,
973 1653 1006 1678 et
1028 1645 1073 1678 ad
1095 1644 1185 1676 mul-

49 1705 229 1739 titudinem
253 1706 486 1747 angelorum.⁴‘
541 1705 610 1739 Sed
643 1716 674 1739 et
705 1706 786 1740 alibi
808 1706 902 1740 idem
924 1705 1110 1750 Apostolus
1133 1704 1185 1737 di-

53 1767 114 1800 cit:
146 1766 357 1807 „Jerusalem
369 1765 405 1811 ⁵>
437 1775 550 1800 autem
583 1780 671 1812 quae
693 1782 826 1802 sursum
851 1777 909 1807 est,
931 1779 1018 1812 quae
1042 1775 1090 1798 est
1111 1778 1184 1798 ma-

50 1838 103 1863 ter
126 1827 281 1861 omnium
303 1831 491 1861 nostrum.“
546 1827 583 1861 Si
614 1830 688 1873 quis
717 1829 826 1864 verbis
852 1827 1011 1873 Apostoli
1035 1825 1186 1867 dicentis,

50 1890 239 1925 Jerusalem
264 1901 334 1922 esse
358 1889 557 1931 coelestem,
579 1903 651 1924 non
675 1891 917 1925 accommodat
938 1890 1051 1928 fidem,
1074 1896 1187 1932 potest

147 2052 182 2098 ¹)
204 2051 324 2086 Matth.
347 2051 425 2092 XII,
448 2052 502 2087 29.

146 2107 184 2153 ²)
208 2108 313 2142 Deest
333 2112 453 2149 „vere“
474 2108 510 2141 in
535 2108 611 2141 edd.
636 2107 686 2141 M.

145 2163 184 2209 ³)
208 2165 310 2197 Num.
333 2164 427 2203 XIV,
449 2163 482 2197 8.
507 2184 550 2190 —-
573 2164 663 2197 Edd.
687 2162 737 2197 M.
762 2163 829 2197 hoc
854 2176 993 2209 quoque
1016 2164 1106 2203 loco,
1130 2164 1190 2196 cfr.

56 2222 132 2255 pag.
155 2210 210 2244 63.
234 2218 306 2242 not.
330 2210 362 2243 6.
384 2208 632 2248 „introducat.“

149 2264 185 2309 ⁴)
211 2264 318 2299 Hebr.
340 2264 418 2305 XII,
440 2265 494 2300 22.
592 2263 628 2308 ⁵)
654 2263 763 2297 Galat.
791 2263 849 2306 IV,
873 2264 928 2300 26.

67 2325 245 2374 Qmenms
270 2324 408 2360 OPERA.
432 2325 530 2358 Tom.
554 2325 597 2356 X.
911 2326 934 2359 5
