1427 2460
334 83 373 107 m
395 73 575 107 Nummos
600 72 760 105 Humum
780 72 921 107 XXVII.
1128 73 1198 110 359

21 163 25 198 ἰ
64 163 302 207 interpretatur
342 172 606 198 tentamentum,
644 162 711 194 sive
748 161 964 206 constipatio.
1010 161 1194 196 Fortitudo

0 237 24 279 ιΙ
66 225 244 268 quaedam,
266 232 304 256 ut
319 224 428 263 video,
453 233 485 256 et
499 223 673 256 munimen
700 232 745 256 est
771 223 912 263 animae,
939 233 1195 258 tentamentum.

63 284 111 317 lta
137 284 225 317 enim
252 284 427 318 virtutibus
450 284 668 325 admiscetur,
693 294 730 317 ut
756 285 908 318 videatur
938 285 1113 330 absque')
1145 286 1196 320 his

63 345 165 378 virtus
189 359 252 379 nec
276 346 401 379 decora
426 359 505 385 esse,
527 360 590 379 nec
615 348 727 391 plena.
773 347 817 378 Et
833 346 911 380 ideo
936 347 1195 391 proficientibus

63 408 106 439 ad
130 407 304 447 virtutem,
337 417 368 440 et
391 408 500 441 variae
526 418 557 441 et
587 411 780 452 frequentes
810 407 1001 441 mansiones
1026 408 1061 441 in
1087 418 1193 442 tenta-

62 467 211 501 tionibus
234 469 330 501 fiunt.
379 470 473 514 Quas
498 484 575 503 cum
602 469 783 509 transieris,
809 469 996 514 applicabis
1019 470 1054 502 in
1079 469 1193 504 Taba-

60 529 128 562 tha.
175 529 332 563 'sabatha
368 530 610 576 interpretatur
647 533 749 564 bona.
796 532 849 564 Ad
881 532 973 564 hona
1006 544 1085 572 ergo
1122 544 1194 564 non

62 590 124 623 nisi
147 600 228 636 post
251 601 541 627 tentamentorum
566 593 794 638 experimenta
817 592 958 625 venitur.
982 592 1066 625 Inde
1082 593 1192 638 appli-

61 662 212 693 cuerunt,
236 652 355 698 inquit,
379 655 413 687 in
430 654 583 694 Ebrona,
608 655 702 699 quod
719 663 766 687 cst
779 654 945 687 transitus.
971 653 1193 687 Transeunda

59 725 207 757 namque
229 723 306 746 sunt
330 715 462 748 omnia:
489 716 568 760 quin
593 715 720 749 etiamsi
737 717 778 748 ad
796 717 886 748 bona
911 715 1035 755 venias,
1058 724 1194 759 oportet

62 783 92 806 te
117 784 148 807 et
172 775 215 807 ad
239 776 381 809 meliora
406 777 556 816 transire,
581 790 688 822 usque
713 790 781 821 quo
808 777 851 809 ad
875 777 960 809 illud
988 779 1118 809 bonum
1136 789 1193 808 ve—

58 835 140 875 nias,
165 836 198 868 in
225 849 295 880 quo
319 850 452 881 semper
476 838 599 871 debens
622 850 832 882 permanere.
861 837 944 870 Post
969 838 1051 870 haec
1074 850 1191 881 perve-

59 896 150 929 nitur
176 899 218 930 ad
245 897 535 944 Gasiongaber²)‚
566 900 660 942 quod
684 899 927 943 interpretatur
957 899 1096 932 consilia
1121 898 1190 932 viri.

59 957 96 992 Si
119 958 193 1002 quis
216 959 313 992 desiit
336 973 423 1004 puer
447 974 515 994 csse
538 960 700 1000 sensibus,
724 960 784 993 istc
809 960 961 1005 pervenit
985 961 1028 993 ad
1054 960 1190 994 consilia

59 1019 129 1059 viri,
152 1019 237 1053 sicut
262 1030 293 1053 et
316 1022 383 1063 ille,
411 1022 469 1066 qui
493 1022 645 1056 dicebat:
670 1022 818 1065 „cum·³)
843 1031 953 1054 autem
979 1024 1088 1055 Iactus
1112 1035 1191 1054 sum

58 1081 116 1121 vir,
142 1095 228 1125 quae
250 1083 384 1126 parvuli
411 1093 506 1117 crant
531 1083 707 1128 deposui.“
755 1084 841 1116 Sunt
866 1096 945 1124 crgo
970 1096 1091 1125 magna
1108 1096 1190 1115 cou-

57 1142 129 1175 silia
154 1143 224 1182 viri,
247 1143 334 1176 sicut
359 1153 391 1176 et
414 1145 470 1177 ille
484 1143 546 1176 ait:
570 1143 729 1188 „aqua4)
754 1144 818 1177 alta
842 1144 1020 1177 consilium
1035 1144 1069 1177 in
1087 1145 1191 1176 corde

58 1203 153 1237 viri.“
200 1204 290 1238 Hinc
314 1205 436 1237 iterum
461 1205 593 1238 venitur
618 1205 689 1239 Sin.
739 1205 862 1238 lterum
889 1205 1028 1238 tentatio
1049 1215 1095 1238 est
1115 1206 1189 1238 Sin.

59 1264 213 1299 Diximus
236 1266 337 1306 enim,
363 1267 440 1311 quia
466 1280 527 1299 nec
553 1267 650 1299 aliter
673 1267 816 1311 expedit,
840 1268 902 1300 iter
915 1267 1001 1300 istud
1014 1267 1189 1299 incedere:

56 1326 159 1367 sicut,
184 1327 277 1360 verbi
300 1327 423 1370 gratia,
446 1328 472 1361 si
497 1327 571 1372 quis
595 1328 722 1360 aurifex
749 1342 804 1361 vas
829 1327 1053 1361 necessarium
1079 1329 1189 1360 facere

56 1388 184 1429 volens,
217 1390 410 1433 frequenter
434 1389 520 1422 illud
545 1389 612 1430 igni
635 1390 824 1429 admoveat,
849 1391 1042 1433 frequenter
1061 1389 1190 1421 malleis

57 1450 195 1490 subdat,
220 1450 355 1482 rasoriis
380 1463 479 1494 saepe
504 1450 721 1495 perstringat,
746 1459 781 1482 ut
807 1459 838 1482 et
861 1449 1033 1494 purgatius
1059 1449 1133 1489 fiat,
1159 1459 1189 1481 et

56 1511 99 1544 ad
122 1510 215 1544 illam
239 1511 403 1556 speciem,
428 1525 529 1557 quam
555 1511 719 1557 prospicit
743 1513 878 1551 artifex,
903 1521 1003 1555 atque
1028 1512 1070 1543 ad
1095 1511 1188 1543 illam

55 1572 343 1616 pulchritudinem
371 1574 568 1607 deducatur.
617 1573 700 1605 Post
725 1573 806 1605 haec
832 1571 1022 1616 applicatur
1037 1572 1080 1604 ad
1098 1571 1188 1604 Pha-

57 1634 234 1673 rancades,
267 1635 362 1678 quod
395 1643 442 1667 est
473 1634 687 1667 fructificatio
715 1642 839 1666 sancta.
887 1633 988 1666 Vides
1013 1633 1093 1665 inde
1119 1646 1187 1677 quo

55 1694 197 1735 venitur,
221 1694 322 1734 vides,
347 1694 425 1739 quia
450 1695 675 1727 tentationum
701 1695 811 1727 sulcos
837 1694 1049 1727 fructificatio
1074 1703 1187 1726 sancta

57 1755 279 1800 subsequitur.
327 1756 412 1789 Inde
436 1757 625 1801 applicatur
649 1755 683 1787 in
707 1765 860 1788 montem
880 1756 941 1796 Or,
967 1755 1060 1799 quod
1084 1755 1188 1787 inter-

59 1940 101 1972 tis
112 1939 159 1983 (v.
171 1952 196 1971 c.
206 1939 283 1972 edd.
294 1937 444 1991 M)pro
451 1939 625 1980 „Galgad“
650 1939 769 1981 legitur
783 1940 958 1982 ‚‚Galgat‚“
972 1940 1063 1982 apud
1081 1938 1189 1973 LXX.

44 1984 273 2033 'interpretes
298 1981 504 2028 „Padyckdfl
528 1984 569 2019 R.
594 2004 635 2010 -
663 1985 733 2017 Csr.
758 1985 859 2018 Num.
884 1983 1047 2023 XXXIII,
1069 1985 1123 2019 32.

151 2039 196 2082 ¹)
210 2039 298 2072 Edd.
324 2039 481 2072 Merlini:
506 2040 664 2084 absque
655 2039 704 2073 iis.

150 2099 187 2143 2)
212 2099 269 2132 Sic
294 2101 395 2132 habet
419 2100 505 2133 Cod.
530 2100 755 2134 Ebroicensis.
779 2099 874 2133 Libri
896 2113 976 2132 vero
1001 2108 1097 2132 antea
1111 2098 1191 2132 editi

58 2146 106 2189 (v.
120 2158 147 2177 c
163 2144 637 2194 cdd.M.):„Gas10ngab1s“
661 2145 767 2178 LXX.
792 2145 1008 2190 interpretes.
1031 2142 1192 2184 ,,Γεσιών

60 2188 186 2236 Γάβερ.
188 2190 309 2222 “R.—
267 2190 483 2232 —:Vu!gata
497 2190 739 2232 „Asiongaben
742 2193 762 2209 “
775 2189 845 2223 Cfr.
856 2191 958 2224 Num.
967 2188 1130 2230 XXXIII,
1137 2188 1191 2225 35

151 2245 195 2289 ³)
212 2244 227 2277 Ι
251 2243 332 2278 Cor.
357 2245 454 2287 XIII,
479 2246 530 2280 11.
626 2246 664 2290 ⁴)
687 2245 788 2279 Prov.
813 2245 895 2286 XX,
918 2246 949 2279 5.
