1427 2460
218 47 285 81 214
706 45 882 79 Omenms

228 137 356 170 semine
380 135 462 180 ejus,
485 143 517 168 et
542 134 776 168 dominabitur
799 135 954 176 gentibus
972 135 1098 175 multis,
1123 136 1366 170 etenltabitur
1392 163 1395 171 .

229 197 310 238 Gog
334 208 475 238 regnum
501 195 582 242 ejus,
607 205 639 228 et
664 206 789 229 crescet
812 209 953 238 regnum
980 196 1066 242 ejus:
1107 196 1202 230 Dens
1228 197 1367 231 deduxit
1394 230 1397 235 ,

230 273 307 292 eum
342 272 381 292 ex
405 259 575 304 Aegyp20‚
611 257 697 291 sicut
722 258 829 301 gloria
859 259 1034 292 unicornis
1059 258 1164 304 ejus.“
1211 258 1365 293 Christus

229 334 308 363 ergo
342 330 407 359 est,
438 319 497 364 qui
528 319 606 352 exiit
638 320 681 352 de
712 319 840 353 semine
863 320 965 353 Israel
997 322 1186 355 secundum
1218 333 1366 360 carnem,

229 381 287 427 qui
312 382 490 426 quomodo
516 380 670 422 gentibus
683 379 889 421 dominetur,
913 382 1123 427 expositione
1138 395 1211 416 non
1228 381 1366 424 indiget,

229 443 375 477 maxime
407 443 464 487 qui
497 443 584 483 legat
608 442 737 475 dictum
763 444 792 476 ei
819 457 836 475 a
862 453 974 488 patre:
1011 443 1161 490 ‚,pete¹)
1186 456 1204 476 a
1227 456 1302 484 me,
1332 452 1365 476 et

230 505 321 538 dabo
346 504 408 537 tibi
432 514 546 545 gentes
570 504 811 537 haereditatem
835 514 939 544 tuam,
964 515 994 538 et
1009 505 1256 550 possessionem
1271 514 1366 538 tuam

229 565 392 599 terminos
405 570 545 598 terrae.“
585 564 680 609 Quid
697 574 746 600 est
760 575 884 606 autem,
898 568 991 611 quod
1008 567 1068 600 ait:
1093 566 1315 607 „exaltabitur
1328 565 1367 610 1)

231 627 309 669 Gog
333 640 473 669 regnum
499 626 618 672 ejus?“
655 626 732 670 Gog
755 641 860 673 super
881 636 968 661 tecta
992 628 1249 673 interpretatur:
1275 638 1308 662 et
1330 627 1366 661 in

230 691 310 723 loco
342 688 407 722 isto
439 702 511 722 non
541 702 605 733 pro
639 689 744 732 gemis
776 688 916 735 alicujus
946 690 1112 730 nornine,
1148 699 1186 723 ut
1214 698 1364 734 putatur,

229 750 378 795 positum
405 759 462 789 est,
485 751 543 783 sed
569 759 606 782 ut
630 750 665 783 in
680 750 752 784 aliis
769 747 955 791 n‘onnullis‚
979 752 1051 796 ipse
1064 764 1176 785 sermo
1189 750 1367 784 Hebraeus

229 825 303 844 non
326 811 562 856 interpretatus
595 812 729 845 relictus
755 822 817 852 est,
851 822 881 845 ct
906 814 951 845 ob
986 813 1054 846 hoc
1085 814 1179 858 quasi
1204 813 1246 846 de
1269 820 1367 854 gente

230 872 343 916 aliqua
375 872 505 906 dictum
536 872 677 906 videtur.
727 873 784 906 Est
816 886 895 915 ergo
927 873 1094 907 sermonis
1125 872 1366 918 consequentia

230 934 319 966 talis:
360 943 392 966 et
423 933 624 967 exaltabitur
646 947 749 979 super
772 943 858 968 tecta
891 947 1032 976 regnum
1062 933 1152 981 ejus,
1185 944 1217 967 et
1242 943 1369 967 crescet

230 1007 371 1037 regnum
396 995 478 1041 ejus.
523 995 674 1029 Exaltari
706 1005 818 1029 autem
843 1009 946 1041 super
967 1006 1054 1029 tecta
1086 998 1129 1029 de
1158 995 1367 1040 perfectione

231 1057 442 1089 credentium
475 1057 618 1097 dicitur,
651 1069 801 1090 crescere
833 1066 946 1090 autem
973 1058 1015 1090 ad
1048 1057 1281 1091 multitudines
1312 1069 1378 1089 re-.

229 1120 346 1153 iertur.
382 1118 423 1150 In
446 1117 485 1150 iis
510 1130 603 1159 ergo,
625 1118 682 1162 qui
697 1118 839 1163 perfecti
863 1127 949 1158 sunt,
972 1131 1074 1163 super
1096 1126 1183 1150 tecta
1208 1119 1371 1151 exaltatur

230 1191 370 1221 regnum
397 1178 540 1219 Christi,
569 1179 605 1212 id
630 1189 693 1220 est,
717 1193 819 1225 super
843 1192 900 1213 eos
925 1179 1044 1220 etiarn,
1076 1180 1134 1225 qui
1157 1179 1193 1212 in
1216 1178 1370 1224 supernis

230 1250 327 1280 sunt,
351 1250 381 1273 et
404 1240 440 1273 in
463 1240 697 1285 superioribus
723 1241 884 1274 habitant.
932 1242 1020 1276 Sunt
1039 1243 1128 1275 enim
1143 1241 1293 1275 fortassis
1305 1241 1368 1274 ali-

233 1303 289 1346 qui
316 1303 416 1335 etiam
440 1301 474 1334 in
500 1303 711 1343 coelestibus,
734 1315 753 1335 a
772 1303 894 1347 quibus
917 1305 994 1349 plus
1007 1302 1191 1348 proficiant
1214 1312 1246 1336 et
1270 1301 1367 1336 altius

234 1364 424 1396 exaltentur
450 1364 490 1404 ii,
520 1364 579 1408 qui
610 1364 645 1396 in
670 1377 773 1406 regno
801 1364 926 1398 Christi
949 1374 1035 1397 sunt.
1082 1364 1128 1396 Et
1150 1364 1229 1396 ideo
1255 1363 1366 1404 etiam,

235 1426 356 1465 credo,
385 1425 458 1470 ipse
482 1425 639 1458 Salvator
665 1426 814 1458 dicebat:
857 1425 944 1470 „qui
962 1426 999 1469 ³)
1023 1425 1057 1458 in
1082 1433 1171 1458 tecto
1198 1434 1263 1464 est,
1293 1437 1366 1457 non

233 1487 416 1520 descendat
438 1485 560 1520 tollere
586 1486 715 1531 aliquid
740 1487 781 1520 de
807 1487 959 1520 domo:‘¹
991 1498 1152 1526 mouens,
1185 1495 1221 1518 ut
1243 1486 1286 1526 ii,
1310 1486 1370 1530 qui

235 1551 277 1582 ad
302 1548 463 1582 excelsam
489 1548 734 1592 perfectionem
752 1558 925 1588 venerunt,
949 1561 1020 1581 non
1043 1549 1166 1580 iterum
1187 1549 1230 1580 ad
1247 1546 1370 1580 mundi

234 1610 344 1655 hujus,
368 1609 426 1654 qui
450 1622 541 1642 nunc
566 1610 688 1642 domus
714 1611 914 1654 appellatur,
939 1609 1079 1642 humilia
1096 1617 1129 1641 et
1152 1607 1283 1654 abjecta
1308 1609 1369 1641 de-

231 1671 404 1706 scendant.
452 1671 519 1704 Sed
546 1681 577 1704 et
608 1670 712 1710 illud,
746 1673 841 1715 quod
867 1670 928 1704 ait:
975 1673 1097 1716 „quod
1114 1669 1151 1713 4)
1174 1670 1311 1704 audistis
1334 1662 1388 1703 in¹

234 1746 341 1773 aures,
364 1733 559 1778 praedicate
572 1745 675 1777 super
688 1737 822 1765 tecta:“
844 1734 886 1766 ad
901 1733 968 1765 hoc
981 1732 1203 1765 nihilominus
1226 1732 1371 1777 respicit.

235 1794 292 1828 Sic
327 1807 406 1837 ergo
441 1794 604 1828 exaltatur
634 1807 736 1839 super
767 1794 847 1837 Gog
879 1806 1020 1837 regnum
1061 1793 1150 1840 ejus,
1188 1803 1222 1828 et
1254 1793 1371 1828 crescit

237 1868 377 1897 reguum
403 1855 483 1901 ejus.
520 1854 650 1889 Crescit
675 1855 774 1894 enim,
799 1856 881 1889 dum
907 1856 1180 1900 multiplicantur
1202 1855 1369 1895 ecclesiae,

238 1927 270 1950 et
292 1918 445 1965 fidelium
461 1930 624 1951 numerus
650 1927 804 1959 augetur:
830 1926 861 1949 et
877 1918 912 1950 in
930 1926 1060 1950 tantum
1085 1918 1204 1951 crescit
1228 1930 1368 1960 regnum

238 1978 382 2018 Christi,
411 1992 518 2024 usque
542 1992 610 2023 quo
636 1988 741 2024 ponat
765 1988 861 2023 pater
885 1991 1004 2012 omnes
1028 1978 1186 2013 inimicos
1213 1978 1283 2026 ejus
1306 1980 1368 2013 sub

334 2125 368 2166 1)
392 2124 513 2158 Psalm.
538 2125 587 2165 ll,
611 2127 642 2160 8.
848 2127 885 2169 ²)
909 2127 1010 2159 Num.
1036 2125 1166 2164 XXIV,
1190 2125 1221 2158 7.

330 2182 365 2221 ³)
390 2180 510 2213 Matth.
534 2181 661 2221 XXIV,
687 2184 737 2216 17.

327 2236 363 2280 4)
389 2236 509 2269 Matth.
530 2237 581 2276 X,
604 2238 658 2271 27.
685 2258 725 2263 —-
751 2238 813 2270 Ed,
839 2237 946 2270 Ruaei
969 2238 1059 2270 sola:
1085 2236 1140 2277 „in
1166 2241 1278 2270 aure.“
