1427 2460
265 102 310 137 90
748 104 926 138 Omessms

263 197 345 231 scito
373 210 441 230 esse
465 196 652 242 repositum
676 195 725 237 iis,
750 195 808 240 qui
832 195 975 237 diligunt
998 195 1130 235 Deum,
1155 195 1250 240 quod
1273 207 1335 229 nec
1358 197 1402 229 ad

262 258 501 300 cogitationem
528 258 640 291 cordis
663 257 712 290 tui
738 257 843 302 quivit
866 258 1081 291 adscendere.
1129 257 1234 291 Unde
1257 269 1319 299 ego
1344 270 1398 290 ar-

260 320 370 353 bitror
394 320 478 353 nihil
503 320 538 353 in
562 319 760 365 hujusmodi
784 319 1105 364 repromissionibus
1129 321 1172 354 de
1194 320 1295 354 rebus
1320 333 1398 353 cor·

258 383 434 427 poralibus
465 382 693 425 cogitandum.
754 381 855 415 Ratio
893 382 984 415 enim
1017 383 1179 417 materiae
1209 382 1397 427 corporalis
1426 414 1427 420 ,

256 458 328 477 non
365 457 610 489 usquequaque
638 457 773 478 sensum
802 444 973 477 humanae
1006 445 1215 486 cogitationis
1247 446 1396 487 effugere
1426 436 1427 468 i

255 515 383 550 potest:
405 508 464 541 sed
488 507 545 539 illa
571 516 658 546 sunt,
681 519 768 550 quae
792 507 835 539 ad
858 507 986 540 nullius
1008 521 1162 546 sensum,
1183 507 1310 541 nullius
1332 520 1393 541 cor

253 578 396 612 possunt
419 570 634 608 adscendere,
660 582 747 613 quae
769 568 804 601 in
835 570 908 602 sola
932 568 999 601 Dei
1020 569 1184 613 sapientia
1211 569 1390 602 continen-

254 640 318 663 tur.
365 631 501 664 Etenim
516 630 550 675 1)
574 630 742 664 videbitur
764 631 830 676 hac·
842 631 985 671 ratione,
1004 632 1099 675 quod
1121 631 1388 676 promissionum

252 694 343 726 bona
367 693 490 740 majori
513 695 632 733 modo,
657 706 759 738 quam
784 694 949 738 promissa
969 702 1066 733 sunt,
1100 694 1239 727 dantur:
1267 692 1386 727 simili-

250 765 301 788 ter
324 765 356 787 et
379 768 523 799 poenae,
549 768 635 800 quae
657 755 892 800 peccatoribus
917 755 1189 796 comminantur,
1219 755 1384 800 multipli-

250 817 328 850 catis
354 817 557 852 cruciatibus
580 818 778 851 inferendae
801 827 897 851 sunt:
920 818 1005 850 sicut
1030 827 1062 850 et
1084 817 1120 850 in
1142 817 1385 862 superioribus,

248 880 307 912 ubi
328 892 436 912 annus
459 893 524 924 pro
550 879 604 913 die
629 881 671 913 ad
691 879 873 913 vindictam
891 882 1043 925 ponitur,
1060 879 1296 924 exposuimus:
1318 880 1383 914 nisi

245 941 271 974 si
297 942 370 986 quis
394 941 530 974 tertium
554 941 684 986 aliquid
707 954 806 987 posse
828 942 902 975 fieri
926 942 1058 984 cogitet,
1083 942 1244 984 colligens
1268 942 1381 987 aliqua

241 1003 359 1036 solatia
385 1017 422 1036 ex
445 1003 494 1044 iis,
519 1017 604 1048 quae
627 1004 663 1036 in
690 1003 957 1036 comminatione
989 1017 1046 1043 ea,
1079 1015 1168 1048 quae
1201 1005 1244 1037 ad
1267 1004 1379 1037 David

240 1066 327 1098 sacta
352 1064 461 1109 est,²)
487 1066 722 1099 continentur:
744 1066 805 1098 ubi
828 1066 944 1099 triduo
969 1065 1190 1110 pronuntiata
1214 1075 1262 1099 est
1284 1065 1378 1099 mor—

240 1126 328 1169 tis3)
351 1128 487 1160 suturae
510 1127 668 1166 vastatio,
703 1137 734 1160 et
756 1127 844 1160 intra
868 1140 924 1159 sex
948 1128 1049 1160 horas
1073 1127 1306 1161 abbreviatum
1329 1127 1377 1160 vi·

240 1190 338 1222 detur
360 1199 494 1234 tempus
519 1202 589 1222 esse
619 1187 785 1233 supplicii.
841 1189 910 1221 Sed
947 1188 1030 1221 haec
1064 1188 1126 1223 tibi
1138 1189 1176 1233 ⁴²)
1206 1181 1376 1234 proficere

237 1261 401 1295 possunt,
431 1252 493 1285 ubi
517 1251 746 1296 poenitentiae
779 1259 915 1295 tempus
939 1260 970 1283 et
992 1250 1228 1285 satisfactionis
1251 1265 1374 1286 conce—

238 1312 329 1346 ditur
351 1313 457 1346 locus.
515 1313 682 1346 Scribitur
694 1313 729 1357 ις)
753 1321 866 1345 tamen
895 1312 989 1345 Deus
1012 1313 1108 1346 malis
1132 1313 1271 1358 quidem
1294 1315 1372 1348 red-

237 1375 318 1407 dens
333 1376 368 1407 in
382 1374 514 1408 tertiam
533 1379 737 1419 et'quartam
756 1375 974 1418 progeniem:
997 1375 1097 1408 bonis
1111 1383 1222 1409 autem
1244 1377 1371 1410 faciens

235 1436 502 1470 misericordiam
527 1450 599 1469 non
631 1436 744 1469 solum
776 1435 811 1469 in
842 1435 975 1469 tertiam
1007 1445 1040 1469 et
1065 1446 1219 1481 quartam
1244 1451 1367 1482 proge-

233 1498 342 1538 niem,
368 1500 445 1539 sed,
469 1508 507 1531 ut
532 1498 708 1542 Scriptura
733 1496 823 1537 dicit,
846 1497 881 1529 in
905 1498 999 1531 mille
1022 1499 1264 1539 generationes.

321 1561 353 1594 9.
378 1561 447 1594 Sed
472 1561 648 1593 redeamus
673 1560 715 1592 ad
741 1572 790 1598 ea,
816 1572 902 1603 quae
927 1560 969 1591 de
993 1559 1090 1601 virgis
1107 1560 1221 1595 dicere
1245 1575 1367 1608 coepe.-

228 1637 352 1656 ramus.
398 1622 582 1655 Possumus
608 1622 719 1654 adhuc
743 1621 841 1654 etiam
860 1621 906 1654 sic
924 1621 1110 1664 intelligere
1125 1635 1256 1665 eorum,
1281 1641 1368 1672 quae

227 1687 261 1719 iu
286 1685 376 1726 virga
400 1685 678 1727 germinaverant,
704 1683 918 1717 differentias.
952 1683 1075 1717 Omnis
1098 1685 1157 1729 qui
1178 1686 1213 1719 in
1229 1687 1363 1724 Christo

228 1747 344 1788 credit,
368 1748 481 1792 primo
505 1745 663 1786 moritur,
688 1755 811 1790 etpost
834 1746 902 1778 hoc
918 1745 1119 1780 renascitur:
1144 1757 1175 1780 et
1193 1758 1241 1781 est
1261 1750 1362 1785 etiam

224 1812 306 1843 haee
330 1810 447 1851 figura,
471 1809 565 1853 quod
592 1808 681 1850 virga
696 1806 800 1840 'arida
825 1808 1048 1851 postmodum
1072 1809 1247 1850 germinat.
1300 1813 1361 1846 Est
1403 1813 1405 1815 ¹

227 1866 305 1915 ergo
330 1871 480 1916 primum
496 1882 633 1911 germen
648 1868 758 1913 prima
781 1868 929 1902 hominis
952 1869 989 1902 in
1016 1869 1152 1905 Christo
1178 1875 1358 1909 confessio.

223 1935 384 1967 Secundo
409 1931 612 1971 frondescit,
644 1930 705 1964 ubi
735 1939 869 1963 renatus
900 1933 1189 1974 donum-:gratiae
1220 1936 1287 1969 Dei
1319 1951 1356 1971 ex

221 1994 366 2039 Spiritus
389 1993 494 2028 sancti
516 1993 756 2038 purificatione
778 1993 970 2038 susceperit.
1015 1995 1101 2028 Inde
1124 1997 1222 2029 affert
1244 1997 1356 2040 flores,

221 2055 279 2088 ubi
302 2056 471 2099 proficere
495 2056 662 2100 coeperit,
698 2063 891 2094 et,morum
915 2056 1080 2094 'suavitate
1105 2058 1278 2102 decorari,
1316 2073 1354 2094 ac

314 2143 349 2187 ¹)
372 2144 461 2177 Edd.
487 2143 642 2177 Merlini:
666 2145 711 2176 At
735 2143 825 2176 enim
851 2153 912 2176 etc.

310 2199 346 2244 ²)
373 2199 441 2233 Cfr.
463 2199 496 2231 ΙΙ
521 2200 612 2232 Sam.
636 2199 763 2239 XXIV,
789 2200 840 2233 12.
865 2213 957 2245 seqq.
983 2201 1035 2245 (11
1059 2203 1182 2247 Regg.)

308 2256 344 2298 ³)
368 2255 456 2289 Edd.
484 2255 645 2290 Merliniz,
665 2256 800 2289 suturae
823 2255 942 2289 mortis
966 2257 1115 2291 vastatio.

310 2311 346 2355 ⁴)
369 2311 457 2346 Edd.
483 2310 639 2345 Merlini:
664 2311 721 2344 ibi.
818 2312 852 2354 ⁵)
877 2311 984 2345 Exod.
1010 2313 1088 2355 XX,
1112 2316 1143 2349 5.
1167 2316 1200 2351 6.
