1427 2460
207 88 253 123 42
683 89 862 125 Omcnms

205 178 310 213 simus
342 186 453 212 autem
482 190 644 213 numerus
675 178 1011 230 quod-remissionis
1045 188 1078 213 et
1108 178 1337 223 indulgentiae

206 249 317 274 teneat
339 249 607 279 sacramentum,
639 241 674 274 in
697 241 812 276 multis
844 241 1096 286 Scripturarum
1129 241 1215 275 locis
1236 255 1337 287 saepe

206 312 239 336 et
262 303 476 335 abundanter
500 302 718 336 ostendimus.
777 303 866 336 Nam
902 313 932 336 et
957 303 1251 348 quinquagesimus
1274 316 1335 336 an-

203 377 267 397 nus
292 372 350 405 est,
378 363 436 408 qui
460 373 491 397 et
513 362 680 409 jubilaeus
705 364 828 398 dicitur
857 366 950 410 apud
974 365 1167 406 Hebraeos,
1203 364 1239 398 in
1264 377 1334 409 quo

205 433 237 458 ct
259 423 511 469 possessionum
537 435 568 459 et
587 425 752 459 servitutis
772 436 804 459 et
824 427 930 460 debiti
947 427 986 460 fit
1000 428 1164 468 remissio,
1189 437 1220 461 et
1233 427 1334 472 quin-

203 486 414 531 quagesimus
440 486 509 521 dies
533 497 612 533 post
634 487 759 532 pascha
782 490 883 523 festus
906 490 1052 523 traditur
1073 489 1110 522 in
1133 490 1215 531 lege.
1262 490 1332 524 Sed

202 557 234 581 ct
256 548 429 583 Dominus
452 548 488 582 in
512 549 696 592 Evangelio
722 564 800 584 cum
823 553 1025 596 parabolam
1039 551 1245 585 remissionis
1269 553 1334 585 do-

201 619 293 644 ceret
317 619 348 643 et
370 610 616 653 indulgentiae,
641 611 811 654 debitores
835 626 922 658 quos
945 613 1142 654 introducit,
1165 627 1272 647 unum
1296 613 1333 646 in

201 672 460 717 quinquaginta,
494 682 526 705 et
557 672 661 706 aliurn
685 673 721 706 in
746 673 934 718 quingentis
957 675 1059 708 fuisse
1083 675 1228 710 denariis
1253 675 1333 708 dicit

200 734 378 769 obnoxios.
448 734 704 779 Quinquaginta
742 745 856 769 autem
895 746 928 769 et
962 736 1136 781 quingenti
1171 745 1332 780 cognatus

198 805 246 830 est
275 809 445 830 numerus.
506 797 668 830 Decadae
693 796 781 831 enim
807 797 1050 843 quinquaginta
1075 798 1203 832 faciunt
1232 798 1332 844 quin-

197 867 324 899 gentos.
379 858 449 892 Sed
479 867 511 891 et
542 871 580 891 ex
604 860 667 892 alia
697 869 794 904 parte
822 874 984 894 numerus
1014 861 1075 894 iste
1104 869 1252 894 sacratus
1283 863 1330 894 fit.

196 918 336 964 Septem
371 920 462 953 enim
486 920 680 965 septimanis
714 920 741 954 si
766 923 912 955 addatur
949 922 1050 956 unius
1084 924 1221 957 numeri
1251 935 1330 968 per-

194 980 318 1021 sectio,
358 981 599 1026 quinquaginta
637 982 768 1016 faciunt
798 983 879 1017 dies.
943 984 1107 1018 Similiter
1132 994 1166 1017 et
1196 993 1330 1028 septua-

195 1041 286 1084 ginta
315 1043 510 1088 septimanis
550 1044 577 1078 si
617 1046 763 1079 addatur
794 1045 894 1079 unius
927 1046 1075 1079 decadae
1111 1059 1329 1079 consumma-

193 1104 259 1144 tio,
290 1104 419 1138 faciunt
450 1106 661 1150 quingentos.
720 1107 827 1151 Quod
856 1117 888 1140 et
912 1108 940 1141 si
964 1107 1194 1140 abundantius
1218 1108 1330 1140 adhuc

193 1175 404 1199 sacramenta
440 1166 684 1212 quinquaginta
715 1177 748 1201 et
786 1169 1051 1213 quingentorum
1085 1169 1222 1202 numeri
1255 1160 1331 1214 pla—

195 1236 248 1260 cet
278 1228 455 1270 colligere,
487 1229 653 1262 habemus
683 1239 716 1263 et
746 1229 783 1263 in
814 1231 881 1263 hoc
904 1229 999 1275 ipso,
1033 1232 1091 1276 qui
1115 1230 1151 1264 in
1173 1230 1331 1265 manibus

195 1298 260 1329 est,
293 1290 576 1334 Numemrum')
606 1291 714 1332 libro,
748 1293 810 1325 ubi
842 1293 884 1325 de
915 1293 1062 1326 hostium
1094 1292 1211 1337 spoliis
1252 1292 1331 1337 qui-

195 1352 273 1384 dam
320 1351 458 1396 quidem
497 1353 650 1386 offerunt
690 1353 726 1386 in
772 1354 865 1386 dona
908 1354 975 1386 Dei
1014 1353 1327 1398 quinquagesimam

192 1413 409 1457 portionem,
453 1413 512 1458 qui
541 1427 613 1447 non
654 1424 892 1459 processerunt
927 1415 970 1448 ad
1000 1415 1149 1456 bellum,
1189 1416 1329 1460 quidam

193 1487 274 1507 vcro
307 1475 625 1519 quingentesimam:
671 1485 704 1509 e't
733 1475 851 1521 utiquc
883 1489 956 1509 non
980 1476 1127 1510 inaniter·
1148 1477 1248 1510 etiam
1273 1478 1328 1510 hic

195 1536 510 1580 quinquagesimus,
564 1546 597 1569 et
634 1536 922 1581 quingentesimus
966 1551 1131 1572 numerus
1175 1539 1327 1572 habetur.

193 1597 263 1630 Sed
289 1606 321 1629 et
343 1597 379 1630 in
403 1597 528 1632 Genesi
551 1598 612 1632 ubi
636 1598 731 1632 Deus
754 1601 921 1632 tractabat
951 1601 994 1633 de
1024 1600 1233 1642 indulgentia
1259 1601 1326 1634 So-

194 1659 390 1699 domorum,
412 1659 440 1693 si
464 1662 553 1693 forte
574 1668 713 1704 possent
736 1661 779 1693 ad
804 1661 935 1694 veniam
957 1662 1143 1706 pervenire,
1167 1660 1326 1707 hujusce-

193 1721 289 1754 modi
312 1722 552 1769 mysteriorum
584 1721 736 1755 conscius
767 1723 960 1767 patriarcha
984 1724 1159 1756 Abraham
1184 1736 1202 1756 a
1227 1722 1328 1767 quin-

193 1782 388 1827 quagesimo
411 1796 556 1817 numero
590 1783 708 1828 incipit
738 1797 803 1829 pro
840 1784 1050 1827 indulgentia
1088 1785 1326 1819 Sodomorum

193 1843 349 1877 Domino
372 1845 581 1889 supplicare,
609 1855 640 1878 et
664 1845 761 1879 dicit:
794 1846 891 1889 „si²)
922 1845 1050 1879 inventi
1074 1845 1201 1879 suerint
1225 1846 1325 1891 quin-

194 1905 351 1948 quaginta
386 1908 422 1940 in
457 1905 605 1948 civitate,
641 1920 715 1941 non
746 1907 885 1941 salvabis
916 1917 1059 1953 propter
1083 1907 1324 1953 quinquaginta

193 1966 357 2000 civitatem
370 1967 409 2001 ?“

281 2029 313 2063 3.
339 2029 407 2062 Sed
448 2032 491 2065 ad
526 2032 743 2076 propositum
782 2041 999 2066 revertamur.
1061 2030 1209 2076 Oportet
1244 2042 1322 2072 ergo

195 2091 329 2135 operari
360 2091 488 2127 Levitas
516 2093 551 2126 in
580 2094 700 2128 sanctis
731 2107 838 2139 usque
869 2094 910 2127 ad
935 2092 1178 2138 quinquaginta
1204 2105 1324 2133 annos,

290 2274 325 2318 ¹)
350 2274 420 2310 cfr.
442 2277 543 2310 Num.
569 2277 695 2311 xxxi
792 2278 828 2322 2)
854 2277 976 2312 Genus.
1001 2275 1127 2320 xvm,
1149 2276 1203 2311 24.
