1427 2460
363 67 399 91 m
423 58 602 91 Nummos
627 55 786 89 Homum
806 55 914 89 XVII.
1137 57 1205 91 203

75 159 127 190 ut,
164 149 242 194 quia
266 161 328 193 per
350 148 406 180 illa
433 147 654 178 vulnerantur
677 144 826 184 animae,
857 157 919 189 per
942 144 1001 178 ista
1026 154 1205 178 sanentur:

73 210 158 244 sicut
196 219 227 242 et
255 209 278 242 ii
315 209 534 246 confirmant,
572 207 631 251 qui
669 206 859 239 medicinae
891 207 1043 250 peritiam
1076 216 1205 248 gerunt.

67 272 280 316 Serpentum
312 281 459 313 namque
484 281 611 300 venena
643 268 768 312 depelli
791 269 1047 301 medicamentis
1077 268 1204 301 nihilo-

74 334 187 366 minus
217 329 377 364 confectis
411 343 449 362 ex
484 329 716 373 serpentibus,
749 330 940 374 perhibent.
993 329 1042 363 Ita
1068 342 1147 371 ergo
1173 339 1206 364 et

74 393 314 428 sacrificiorum
342 391 624 424 daemonicorum
646 391 734 424 virus
758 404 820 435 per
843 391 1004 424 sacrificia
1037 391 1113 424 Deo
1141 392 1206 424 oh-

73 457 138 488 lata
163 452 364 497 depellitur,
398 452 484 485 sicut
508 461 540 485 et
573 466 665 485 mors
689 453 771 486 Jesu
795 463 941 485 mortem
972 452 1101 497 peccati
1133 466 1208 486 cre·-

73 515 230 549 dentibus
260 528 331 547 non
363 514 440 547 sinit
465 514 643 547 dominari.
691 514 736 547 Et
766 514 904 558 quidem
938 516 1049 547 donec
1072 524 1207 559 tempus

70 576 279 621 patiebatur,
317 576 478 609 sacrificia
509 575 677 608 sacrificiis
714 576 1000 620 opponebantur:
1035 576 1096 609 ubi
1126 589 1207 609 vero

71 638 160 671 venit
187 639 335 683 perfecta
367 637 494 676 hostia,
539 645 571 669 et
603 649 706 679 agnus
730 636 983 677 immaculatus,
1021 637 1079 681 qui
1105 637 1209 671 totius

71 700 192 733 mundi
216 700 350 732 tolleret
372 708 572 743 peccatum,
609 698 770 731 sacrificia
794 698 869 738 illa,
906 711 992 743 quae
1016 698 1208 741 singillatim

73 762 309 794 offerebantur
329 761 418 798 Deo,
442 758 510 804 jam
537 759 707 804 superflua
733 760 799 793 visa
825 770 912 800 sunt,
943 773 1022 792 cum
1050 774 1118 793 una
1144 761 1209 792 ho-

71 823 132 855 stia
168 823 278 855 onmis
309 822 515 854 daemonum
542 821 672 853 cultura
705 821 844 865 depulsa
876 822 927 854 sit.
980 822 1109 854 Verum
1140 821 1209 854 Ba-

72 884 159 916 laam
185 883 265 923 iste,
298 883 366 916 sive
396 883 585 915 secundum
616 883 729 915 cordis
763 885 814 917 sui
845 882 1079 928 propositum,
1113 885 1209 928 quod

72 958 144 978 non
176 947 433 984 emendaverat,
468 944 534 978 sive
574 945 763 977 secundum
801 945 893 978 illam
936 946 1100 985 figuram,
1142 957 1209 988 qua

73 1007 216 1040 diximus
250 1020 327 1039 eum
358 1015 474 1038 tenere
505 1018 687 1049 personam
721 1007 926 1045 doctorum,
967 1019 1005 1038 ac
1030 1005 1208 1039 Pharisae-

74 1081 173 1100 orum
198 1068 306 1112 plebis
330 1067 535 1106 incredulae,
560 1067 723 1099 instaurat
748 1068 861 1100 adliuc
886 1067 1021 1106 hostias,
1053 1077 1084 1099 et
1107 1081 1208 1112 prae-

75 1129 188 1172 parari
211 1129 372 1162 sacrificia
398 1127 502 1173 jubet.
549 1128 586 1160 In
613 1128 664 1160 his
689 1128 778 1160 enim
807 1141 943 1161 omnem
970 1142 1065 1172 spem
1089 1138 1210 1171 gerunt

74 1189 116 1229 ii,
142 1203 290 1234 quorum
317 1203 377 1222 cor
399 1202 470 1221 non
495 1189 615 1233 recipit
638 1190 741 1222 fidem
769 1189 903 1222 Christi.

165 1252 197 1284 2.
247 1251 316 1283 Sed
342 1251 424 1295 quid
447 1250 620 1294 sequitur?
664 1250 788 1294 ‚‚Et¹)
813 1250 946 1289 videns,
981 1250 1109 1294 inquit,
1140 1250 1210 1283 Ba-

76 1313 181 1351 laam,
221 1312 298 1356 quia
323 1313 457 1344 bonum
488 1321 534 1344 est
563 1311 599 1344 in
624 1321 809 1356 conspectu
832 1311 976 1344 Domini
1007 1313 1211 1346 benedicere

76 1374 197 1413 lsrael,
231 1387 304 1406 non
337 1372 419 1406 abiit
450 1385 487 1405 ex
518 1386 615 1405 more
647 1373 682 1405 in
722 1386 901 1405 occursum
942 1373 1114 1418 auspiciis,
1149 1375 1211 1407 sed

77 1435 242 1468 convertit
272 1434 392 1468 faciem
424 1447 518 1467 suam
551 1435 586 1468 in
618 1436 804 1468 desertum:
843 1444 875 1467 et
906 1435 1037 1467 elevans
1067 1435 1209 1468 Balaam

78 1497 197 1529 oculos
220 1510 315 1536 suos,
346 1495 543 1540 intuetur2)
568 1496 671 1529 Israel
697 1506 802 1529 castra
834 1495 1044 1529 constituisse
1067 1509 1129 1540 per
1151 1497 1212 1530 tri-

77 1559 156 1598 bus,
193 1567 224 1590 et
253 1560 358 1591 factus
391 1567 436 1590 est
467 1571 570 1602 super
602 1571 679 1590 eum
710 1557 845 1602 spiritus
878 1558 961 1598 Dei,
999 1567 1032 1590 et
1055 1559 1210 1592 adsumta

77 1620 241 1663 parabola
265 1633 341 1659 sua,
365 1620 453 1655 ait.“
500 1619 706 1664 Requiratur
730 1622 887 1661 sortasse,
920 1621 1012 1653 unde
1036 1621 1119 1653 vidit
1141 1620 1212 1653 Ba-

79 1682 186 1722 laam,
225 1680 302 1725 quia
334 1681 468 1713 bonum
502 1690 549 1713 est
572 1681 607 1713 in
631 1690 815 1725 conspectu
837 1681 982 1714 Domini
1007 1681 1209 1714 benedicere

79 1741 196 1780 lsrael,
220 1751 251 1774 et
275 1741 451 1785 putabitur
474 1755 511 1775 ex
535 1742 704 1776 sacrificiis
728 1743 945 1782 intellexisse,
978 1756 1064 1787 quae
1087 1744 1213 1776 immo-

78 1803 211 1836 laverat.
258 1802 328 1834 Ubi
360 1803 448 1836 enim
481 1803 564 1836 vidit
595 1805 726 1836 nullum
767 1805 881 1837 adesse
922 1803 1212 1847 daemonium‚³)

79 1864 209 1896 nullam
238 1864 441 1897 contrariam
480 1874 679 1909 potestatem
715 1865 855 1899 victimis
879 1865 945 1898 suis
970 1865 1128 1898 adsistere
1152 1879 1212 1897 au-

80 1926 233 1965 dentem,
270 1925 420 1959 exclusos
445 1940 513 1959 esse
539 1940 657 1960 omnes
670 1926 706 1969 4)
737 1927 883 1960 malitiae
907 1927 1098 1966 ministros,
1137 1927 1212 1971 qui-

175 2070 208 2112 ¹)
234 2070 335 2103 Num.
359 2068 487 2110 XXIV,
512 2071 624 2105 1—3.

171 2125 208 2168 ²)
232 2126 321 2158 Edd.
347 2125 502 2159 Merlini:
525 2125 669 2161 intuens.

174 2181 211 2224 ³)
234 2181 323 2215 Edd.
348 2181 505 2214 Merlini:
531 2183 748 2216 daemonum.

173 2235 209 2280 ⁴)
234 2237 322 2270 Edd.
345 2237 501 2271 Merlini:
528 2239 645 2272 omnis.
