1427 2460
229 96 297 130 320
732 89 910 125 Omeams

1391 153 1406 180 ..

231 183 350 230 ceptis,
381 182 502 226 non‘)
528 181 654 232 poteris
677 182 808 215 hostem
834 181 983 221 vincere,
1018 192 1091 214 non
1115 181 1242 227 poteris
1265 195 1367 228 supe-

231 259 305 280 rare
327 244 513 278 inimicum.
561 243 599 275 In
629 256 669 276 eo
695 243 785 276 enim
810 244 884 289 ipso
907 242 976 288 iam
1011 243 1115 277 victus
1147 255 1198 285 es,
1228 243 1263 277 in
1295 257 1389 290 quor

230 307 397 342 dissentis:
429 315 461 339 ct
484 318 546 350 per
569 305 636 337 hoc
660 304 769 350 ipsum
792 306 962 350 superaris
986 319 1005 339 a
1030 303 1192 347 diabole,
1227 304 1263 339 in
1296 318 1366 351 quo

232 370 404 403 discordas
429 380 447 400 a
464 367 558 403 Deo,
607 366 644 400 Si
668 375 781 400 autem
804 366 850 400 vis
875 366 1008 400 vincere
1030 366 1220 407 inimicum,
1243 376 1275 401 et
1299 381 1368 402 esse

230 444 362 465 summa
386 430 612 468 bellatorum,
637 429 783 463 adhaere
806 429 901 468 Deo,
927 438 958 462 et
981 429 1153 462 concorda
1178 427 1254 463 cum
1278 429 1367 475 ipso,

229 495 314 528 sicut
341 492 414 532 ille,
446 492 505 536 qui
536 491 689 525 dicebat:
723 490 865 536 „quis²)
894 504 958 524 nos
988 491 1158 536 separabit
1188 504 1206 524 a
1231 492 1368 526 caritate

232 555 320 589 Dei?
369 552 579 592 Tribulatio,
610 566 654 585 an
679 553 847 595 angustia,
873 566 915 585 an
940 554 1055 593 fames,
1078 566 1120 586 an
1143 532 1298 595 nuditais,
1315 547 1367 588 *an

230 617 434 662 periculum,
458 628 501 649 an
525 614 708 657 gladius?“
755 614 798 647 Et
820 613 960 648 iterum:
997 615 1177 660 „neque³)
1200 616 1284 657 vita,
1306 629 1368 650 ne-

233 692 297 725 que
322 691 433 717 mors,
455 689 567 721 neque
590 675 763 717 instantia,
785 688 897 721 neque
921 678 1053 717 futura,
1076 690 1187 722 neque
1210 677 1366 723 altitudo,

233 754 343 786 neque
366 738 598 784 profundum,
630 751 741 782 neque
772 748 924 771 creatura
948 738 1012 772 alia
1035 732 1161 784 poterit
1183 753 1247 773 nos
1270 752 1367 785 sepa-

233 817 306 837 rare
339 816 356 835 a
389 800 525 834 caritate
548 799 634 840 Dei,
669 813 756 844 quae
790 810 837 833 est
866 801 901 834 in
935 800 1070 834 Christo
1106 804 1185 835 Jesu
1210 801 1366 836 Domino

234 867 385 898 uostr0.“
432 862 497 895 Iste
509 861 546 906 ⁴)
571 862 644 895 talis
669 861 704 894 in
727 862 824 895 nullo
852 862 996 896 omnino
1021 862 1187 903 dissentit,
1210 863 1271 898 iste
1293 863 1367 898 talis

231 935 345 972 potest
376 924 510 957 vincere
533 923 756 966 Madianitas,
781 934 812 957 et
839 924 1032 957 interficere
1062 938 1180 958 omnes
1210 921 1369 970 pecca‘to-

234 1002 284 1023 res
316 998 442 1026 terrae,
473 994 503 1018 et
535 987 678 1029 perdere
710 999 847 1019 omnem
871 986 1052 1028 imaginem
1078 987 1197 1021 eor‘um
1222 989 1266 1021 de
1291 988 1368 1022 civi-

232 1060 298 1084 tate
322 1047 477 1082 Domini.
523 1047 568 1080 Et
593 1060 653 1090 ego
675 1059 753 1089 ergo
780 1048 889 1080 debeo
916 1048 958 1080 de
982 1060 1037 1081 me
1055 1049 1142 1092 ipso,
1168 1058 1199 1082 et
1219 1050 1262 1083 de
1280 1060 1371 1085 terra

235 1111 344 1145 carnis
367 1122 462 1143 meae
487 1109 632 1153 perdere
654 1118 869 1154 peccatores,
901 1118 932 1142 et
955 1109 1146 1143 interficere
1168 1112 1369 1147 fornicatio—

234 1188 331 1216 nem,
354 1171 627 1212 immunditiam,
656 1171 866 1216 passionem,
899 1171 1211 1217 concupiscentiam
1234 1166 1370 1217 malam,

235 1247 265 1270 ct
289 1234 473 1270 avaritiam,
507 1233 576 1268 ,Isti
600 1233 690 1267 enim
714 1243 793 1267 sunt
814 1243 1009 1278 peccatores
1031 1243 1142 1267 terrae
1165 1248 1271 1276 meae,
1286 1249 1371 1282 quos

234 1308 316 1331 tune
349 1298 487 1330 demum
523 1294 745 1329 exterminare
775 1304 917 1340 potero,
948 1305 982 1329 et
1011 1295 1220 1337 interficere,
1248 1298 1370 1333 sinon

235 1359 428 1394 dissentiam
452 1371 471 1391 a
497 1357 665 1391 mandatis
688 1357 852 1390 Domini:
883 1366 914 1390 et
943 1367 1025 1391 tunc
1055 1370 1133 1391 vere
1156 1359 1276 1402 dignus
1301 1373 1372 1401 ero,

236 1422 294 1467 qui
326 1423 468 1454 offeram
493 1420 572 1452 Deo
602 1432 754 1452 munera.
802 1418 989 1462 „Omne⁵)
1020 1432 1076 1452 vas
1108 1433 1266 1462 aureum,
1296 1431 1369 1455 tor-

235 1498 348 1529 quem,
372 1483 494 1528 inquit,
517 1490 575 1514 aut
597 1479 813 1524 viriolam,⁶)
836 1489 896 1512 aut
918 1480 1106 1522 annulum,
1129 1491 1187 1515 aut
1213 1483 1372 1526 dextrale,

235 1555 293 1579 aut
328 1545 550 1579 catenulam.“
610 1542 759 1587 Torquis
803 1551 1043 1575 ornamentum
1084 1544 1270 1589 sapientiae
1315 1555 1371 1581 est.

235 1609 276 1641 In
299 1605 492 1640 Proverbiis
525 1604 614 1638 enim
646 1605 689 1637 de
718 1604 879 1649 sapientia
910 1603 1092 1650 dicitur,⁷)
1116 1607 1212 1650 quod
1236 1606 1294 1652 qui
1317 1620 1371 1642 ac-

237 1668 387 1714 quisierit
423 1680 513 1707 eam,
552 1676 713 1712 torquem
752 1679 888 1700 auream
923 1675 1031 1711 ponat
1067 1666 1202 1713 circass)
1243 1669 1374 1704 collum

330 1791 366 1835 ¹)
390 1791 519 1824 Verba:
553 1802 655 1830 „non
685 1790 812 1835 poteris
842 1790 983 1823 hostem
1008 1790 1187 1831 vincere,“
1216 1791 1252 1825 in
1275 1791 1371 1827 libris

236 1846 332 1871 autea
359 1836 454 1869 editis
478 1839 526 1880 (v.
553 1849 579 1868 c.
605 1835 682 1868 edd.
707 1834 776 1879 M.)
802 1834 934 1876 omissa,
958 1836 1160 1881 supplentur
1183 1849 1202 1870 e
1224 1836 1303 1872 Mss.
1327 1837 1369 1871 R.

329 1893 366 1936 ²)
389 1893 491 1925 Rom.
515 1890 608 1931 VIII,
629 1892 683 1925 35.
1313 1893 1318 1907 ⁸

328 1950 366 1991 ³)
390 1949 491 1981 Rom.
519 1947 611 1987 VIII,
634 1947 690 1982 38.
717 1947 772 1982 39.
1187 1944 1190 1946 ’

330 2005 366 2047 ³²)
390 2004 638 2037 Desiderantur
662 2004 781 2036 verba:
828 2003 914 2044 „Iste
938 2003 1012 2039 talis
1041 2005 1078 2038 in
1102 2005 1200 2040 nullo
1226 2005 1369 2040 omnino

237 2049 420 2089 dissentit,“
443 2049 479 2082 in
504 2048 577 2082 sola
598 2050 649 2082 ed.
673 2048 790 2082 Ruaei.

331 2105 367 2149 ⁵)
391 2106 493 2138 Num.
518 2105 648 2145 XXXI,
671 2106 726 2140 50.

329 2161 365 2203 5)
391 2160 478 2193 Cod.
503 2161 608 2194 sancti
632 2160 857 2197 Theoderici:
882 2163 1106 2205 ‚,armillam.“
1129 2163 1169 2196 R.

331 2217 365 2258 7)
389 2218 491 2250 Prov.
516 2216 542 2257 I,
565 2217 597 2251 9.
1130 2214 1135 2215 ⁷

330 2273 367 2314 ⁵)
390 2272 479 2306 Edd.
503 2273 644 2307 Merlini
668 2287 865 2320 perperam:
891 2275 978 2308 circa
1004 2288 1103 2309 suum
1126 2275 1252 2310 Iocum.
