1427 2460
230 88 297 125 108
707 90 886 124 Omemus

229 180 267 213 id
280 188 337 220 est,
350 176 558 224 spiritualem
575 178 714 224 recipiat
728 179 948 213 intellectum.
985 179 1212 224 Requiramus
1226 193 1316 224 ergo,
1330 183 1364 227 ¹)

229 240 338 275 sicubi
360 240 396 273 in
421 240 605 285 Scripturis
629 251 764 285 praeter
786 242 881 283 haec,
908 242 952 274 de
975 241 1098 286 quibus
1122 255 1223 287 supra
1238 241 1364 276 dictum

231 313 288 343 est,
300 301 488 335 invenimus
503 301 668 347 primitias
678 302 850 336 nominari
863 317 869 336 :
886 303 941 336 hie
954 302 1044 337 enirn
1059 303 1157 337 dixit:
1175 317 1316 344 „omnes
1327 305 1364 350 ²)

230 363 396 409 primitias
421 364 487 397 olei
512 373 545 396 et
569 363 654 404 vini,
688 373 720 397 et
742 365 924 404 frumenti,
957 365 1083 398 horum
1117 365 1272 399 omnium
1296 365 1367 409 pri·

229 426 354 466 mitiae,
379 439 466 471 quae
490 427 626 459 oblatae
649 425 776 459 fuerint
799 426 889 467 Deo,
913 426 975 461 tibi
1000 426 1079 460 dedi
1103 431 1174 461 ea.“
1214 427 1365 472 Requiro

229 501 309 530 ergo
340 500 433 521 nunc
463 497 599 533 praeter
629 487 712 520 haec
743 487 802 520 ubi
833 487 1001 533 primitiae
1043 489 1277 523 nominentur.
1330 487 1368 522 Si

230 550 321 583 enim
346 562 465 582 omnes
489 549 660 594 primitiae
684 550 728 583 ad
752 550 952 594 pontificem
974 550 1154 595 pertinent,
1176 552 1365 585 necessario

229 611 331 644 nobis
355 620 388 643 et
410 612 565 655 pontifex
589 611 814 656 requirendus
839 621 897 651 est,
923 613 967 645 ad
989 625 1093 657 quem
1110 612 1283 657 pertinere
1307 606 1380 645 ‹le-⁴

229 674 334 706 beant
359 672 459 706 etiam
481 671 561 706 illae
584 673 753 718 primitiae
769 698 776 712 .
801 686 884 718 quas
907 672 943 706 in
969 673 1041 707 aliis
1066 674 1262 719 Scripturae
1285 673 1387 715 locis¹

228 735 353 769 inditas
380 734 579 769 invenimus.
641 735 687 768 Et
717 734 830 780 primo
863 735 1000 780 quidem
1033 735 1188 769 omnium
1221 737 1263 769 de
1293 732 1390 780 ipsoss»

230 798 385 831 Domino
413 796 547 830 Christo
583 796 773 840 legimus³)
804 797 984 841 scripturn,
1021 797 1099 841 quia
1130 796 1171 831 sit
1199 796 1389 851 primitiaei*

229 869 460 894 mortuorum.
519 858 578 892 Est
602 872 681 901 ergo
715 867 746 891 et
770 858 842 904 ipse
866 858 979 903 aliqua
1012 858 1047 891 in
1071 868 1168 904 parte
1190 851 1389 912 primitiae..)⁴¹

230 922 275 955 Et
298 920 422 954 iterum
444 919 634 954 invenimus
659 922 701 954 de
726 920 931 964 quibusdam
966 920 1094 953 dictum
1119 921 1161 952 ab
1187 919 1389 965 Apostolos⁴¹
1425 929 1427 949 ¹

232 982 310 1028 quia
343 991 423 1016 sunt
451 982 620 1027 primitiae
652 981 767 1021 Asiae,
806 991 838 1014 et
870 981 926 1014 alii
958 982 1129 1026 primitiae
1141 982 1178 1026 4)
1211 949 1390 1040 Achaiaeu'ff

230 1045 333 1078 Unde
358 1057 568 1088 consequens
594 1053 660 1083 est,
692 1057 754 1089 per
782 1043 928 1085 singulas
962 1043 1116 1077 ecclesias
1141 1043 1273 1089 aliquos
1297 1042 1390 1085 cre-'4

231 1106 398 1145 dentium,
422 1118 507 1150 quos
530 1114 645 1138 tamen
670 1106 889 1149 Apostolicus
913 1105 1050 1150 spiritus
1069 1105 1275 1150 probaverit,
1297 1091 1391 1150 pri-ti

231 1167 341 1201 mitias
364 1165 547 1200 nominari.
594 1166 646 1199 Ex
670 1166 793 1211 quibus
827 1180 894 1200 esse
928 1165 1078 1200 arbitror
1110 1165 1210 1199 etiam
1236 1160 1391 1201 Corne-,³

229 1230 316 1263 lium
330 1229 363 1272 ⁵)
389 1228 500 1269 illum,
524 1227 582 1272 qui
607 1227 832 1262 Caesariensis
846 1227 1006 1261 ecclesiae
1022 1241 1100 1261 cum
1123 1227 1174 1266 iis,
1198 1241 1275 1261 cum
1291 1227 1367 1272 qui-

230 1292 294 1324 bus
319 1291 486 1335 Spiritum
508 1298 662 1322 sanctum
687 1290 812 1323 meruit
835 1290 1009 1334 accipere,
1042 1289 1211 1335 primitiae
1245 1289 1368 1322 merito

231 1352 364 1386 dicitur.
425 1351 470 1383 Et
499 1364 572 1383 non
597 1352 708 1384 solum
735 1351 835 1397 hujus
859 1350 1036 1391 ecclesiae,
1067 1352 1128 1384 sed
1157 1350 1308 1383 fortassis
1336 1350 1393 1449 eti⁴

232 1414 387 1448 omnium
424 1411 574 1454 gentium
618 1412 800 1456 primitiae‘
828 1412 1008 1445 Cornelius
1043 1412 1268 1456 appellandus
1304 1415 1378 1446 est:'

228 1476 361 1522 primus
385 1475 477 1508 enim
502 1473 646 1507 credidit
671 1487 708 1506 ex
735 1475 906 1515 gentibus,
944 1483 975 1507 et
996 1473 1126 1518 primus
1149 1482 1265 1507 sancto
1290 1457 1393 1526 spi-'³

230 1539 297 1571 ritu
322 1537 469 1581 repletus
493 1544 549 1568 est.
596 1534 640 1567 Et
662 1535 740 1568 ideo
766 1545 855 1569 recte
879 1535 1051 1580 primitiae
1073 1534 1224 1577 gentium
1247 1535 1381 1582 appel-4

230 1598 366 1632 labitur.
413 1598 483 1632 Sed
508 1596 651 1641 requiris
675 1597 828 1638 fortasse,
856 1597 929 1642 quis
954 1596 1030 1631 istas
1056 1598 1180 1630 offerat
1202 1587 1380 1641 primitias:

230 1661 320 1700 Deo,
346 1668 404 1692 aut
428 1658 503 1703 quis
528 1667 576 1692 est
599 1659 762 1703 pontifex,
798 1658 892 1705 cujus
916 1660 1000 1692 haec
1023 1657 1212 1691 rationibus
1237 1659 1369 1692 cedant.

229 1723 305 1763 Ego
330 1721 495 1761 arbitror,
526 1721 620 1765 quod
652 1722 843 1753 secundum
875 1719 1020 1753 Domini
1045 1721 1188 1752 verbum
1213 1732 1292 1762 ager
1315 1721 1378 1761 ‹li-,-

232 1793 327 1817 catur
350 1782 405 1815 hic
429 1783 589 1814 mundus.
645 1779 878 1823 Ager-'autem
911 1796 983 1815 non
1015 1791 1124 1815 terrae
1145 1783 1276 1822 solum,
1307 1783 1368 1816 sed

232 1845 338 1878 corda
360 1842 594 1885 intelliguntur
617 1843 776 1883 humana,
802 1857 904 1887 quem
930 1856 1047 1885 agrum
1070 1844 1180 1884 angeli
1202 1844 1270 1877 Dei
1293 1857 1367 1877 sus-

231 1905 385 1950 ceperint
425 1905 661 1938 excolendum.
725 1905 888 1938 Culturae
918 1918 997 1947 ergo
1029 1918 1110 1938 suae
1141 1905 1268 1938 fructus
1303 1904 1368 1950 ipsi

229 1967 371 2012 quidem
394 1965 586 2011 possident,
611 1976 643 2000 et
666 1967 812 2007 habent,
837 1980 894 2000 eos
920 1966 1091 2006 videlicet,
1115 1966 1174 2011 qui
1196 1967 1259 2001 sub
1282 1980 1382 2013 pro—i

327 2112 362 2155 ¹)
385 2112 475 2146 Edd.
500 2111 659 2146 Merliui:
688 2126 767 2156 ergo
793 2112 857 2145 sic:
886 2111 945 2145 ubi
969 2112 1005 2144 in
1030 2121 1091 2145 etc.

323 2168 360 2212 ²)
383 2169 485 2200 Num.
509 2168 637 2208 XVIII,
661 2169 714 2202 12.

324 2224 361 2267 3)
386 2223 456 2257 Cfr.
482 2224 613 2257 Coloss.
638 2225 663 2264 l,
687 2225 740 2260 18.
768 2225 846 2260 coll,
875 2224 884 2254 l
915 2223 994 2256 Cor.
1019 2222 1096 2263 XV,
1119 2225 1172 2258 20.

326 2277 363 2323 ²)
388 2280 401 2311 l
428 2279 507 2314 Cor.
532 2280 625 2319 XVI,
652 2281 704 2316 15.
803 2281 834 2321 Ξ”)
861 2279 930 2313 Csr.
958 2280 1028 2312 Act.
1054 2279 1099 2312 X.
