<?xml version="1.0" encoding="UTF-8"?>
<!DOCTYPE html PUBLIC "-//W3C//DTD XHTML 1.0 Transitional//EN"
    "http://www.w3.org/TR/xhtml1/DTD/xhtml1-transitional.dtd">
<html xmlns="http://www.w3.org/1999/xhtml" xml:lang="en" lang="en">
 <head>
  <title>
</title>
<meta http-equiv="Content-Type" content="text/html;charset=utf-8" />
  <meta name='ocr-system' content='tesseract 3.04.00' />
  <meta name='ocr-capabilities' content='ocr_page ocr_carea ocr_par ocr_line ocrx_word'/>
</head>
<body>
  <div class='ocr_page' id='page_1' title='image "./operaomniaquaegr10orig_0289.png"; bbox 0 0 1427 2460; ppageno 0'>
   <div class='ocr_carea' id='block_1_1' title="bbox 0 0 65 2260">
    <p class='ocr_par' dir='ltr' id='par_1_1' title="bbox 0 0 65 2260">
     <span class='ocr_line' id='line_1_1' title="bbox 0 0 65 2260; baseline 0 0"><span class='ocrx_word' id='word_1_1' title='bbox 0 0 65 2260; x_wconf 95' lang='lat' dir='ltr'><strong> </strong></span> 
     </span>
    </p>
   </div>
   <div class='ocr_carea' id='block_1_2' title="bbox 354 74 1197 126">
    <p class='ocr_par' dir='ltr' id='par_1_2' title="bbox 354 74 1197 126">
     <span class='ocr_line' id='line_1_2' title="bbox 354 74 1197 126; baseline -0.021 -1"><span class='ocrx_word' id='word_1_2' title='bbox 354 102 392 126; x_wconf 77' lang='lat' dir='ltr'><strong>m</strong></span> <span class='ocrx_word' id='word_1_3' title='bbox 414 91 598 124; x_wconf 71' lang='lat' dir='ltr'><strong>Nummos</strong></span> <span class='ocrx_word' id='word_1_4' title='bbox 622 85 780 118; x_wconf 74' lang='lat' dir='ltr'><strong>HommA</strong></span> <span class='ocrx_word' id='word_1_5' title='bbox 800 79 912 113; x_wconf 82' lang='lat' dir='ltr'><strong>XXH.</strong></span> <span class='ocrx_word' id='word_1_6' title='bbox 1131 74 1197 109; x_wconf 80' lang='lat'><strong>267</strong></span> 
     </span>
    </p>
   </div>
   <div class='ocr_carea' id='block_1_3' title="bbox 69 165 1234 1890">
    <p class='ocr_par' dir='ltr' id='par_1_3' title="bbox 69 165 1234 1890">
     <span class='ocr_line' id='line_1_3' title="bbox 69 165 1200 233; baseline -0.027 -8"><span class='ocrx_word' id='word_1_7' title='bbox 69 192 168 225; x_wconf 81' lang='lat' dir='ltr'><strong>ctiam</strong></span> <span class='ocrx_word' id='word_1_8' title='bbox 184 187 275 233; x_wconf 87' lang='lat' dir='ltr'><strong>apud</strong></span> <span class='ocrx_word' id='word_1_9' title='bbox 289 181 495 229; x_wconf 77' lang='lat' dir='ltr'><strong>spiritualem</strong></span> <span class='ocrx_word' id='word_1_10' title='bbox 512 178 631 220; x_wconf 87' lang='lat' dir='ltr'><strong>legem,</strong></span> <span class='ocrx_word' id='word_1_11' title='bbox 652 185 739 219; x_wconf 84' lang='lat' dir='ltr'><strong>quae</strong></span> <span class='ocrx_word' id='word_1_12' title='bbox 754 171 820 206; x_wconf 70' lang='lat' dir='ltr'><strong>sint</strong></span> <span class='ocrx_word' id='word_1_13' title='bbox 837 170 918 204; x_wconf 83' lang='lat' dir='ltr'><strong>istae</strong></span> <span class='ocrx_word' id='word_1_14' title='bbox 932 167 1021 202; x_wconf 81' lang='lat' dir='ltr'><strong>filiae</strong></span> <span class='ocrx_word' id='word_1_15' title='bbox 1038 165 1200 210; x_wconf 84' lang='lat' dir='ltr'><strong>quinque,</strong></span> 
     </span>
     <span class='ocr_line' id='line_1_4' title="bbox 71 230 1202 298; baseline -0.026 -12"><span class='ocrx_word' id='word_1_16' title='bbox 71 263 214 298; x_wconf 84' lang='lat' dir='ltr'><strong>quarum</strong></span> <span class='ocrx_word' id='word_1_17' title='bbox 239 244 367 281; x_wconf 79' lang='lat' dir='ltr'><strong>etiamsi</strong></span> <span class='ocrx_word' id='word_1_18' title='bbox 389 250 485 288; x_wconf 82' lang='lat' dir='ltr'><strong>pater</strong></span> <span class='ocrx_word' id='word_1_19' title='bbox 507 247 662 273; x_wconf 86' lang='lat' dir='ltr'><strong>mortuus</strong></span> <span class='ocrx_word' id='word_1_20' title='bbox 692 234 795 268; x_wconf 83' lang='lat' dir='ltr'><strong>fuerit</strong></span> <span class='ocrx_word' id='word_1_21' title='bbox 817 245 882 278; x_wconf 85' lang='lat' dir='ltr'><strong>pro</strong></span> <span class='ocrx_word' id='word_1_22' title='bbox 908 230 1024 274; x_wconf 84' lang='lat' dir='ltr'><strong>aliquo</strong></span> <span class='ocrx_word' id='word_1_23' title='bbox 1049 234 1202 273; x_wconf 86' lang='lat' dir='ltr'><strong>peccato,</strong></span> 
     </span>
     <span class='ocr_line' id='line_1_5' title="bbox 70 289 1204 360; baseline -0.026 -12"><span class='ocrx_word' id='word_1_24' title='bbox 70 307 162 360; x_wconf 71' lang='lat' dir='ltr'><strong>¹ipsae</strong></span> <span class='ocrx_word' id='word_1_25' title='bbox 190 321 302 344; x_wconf 84' lang='lat' dir='ltr'><strong>tamen</strong></span> <span class='ocrx_word' id='word_1_26' title='bbox 333 302 574 338; x_wconf 77' lang='lat' dir='ltr'><strong>haereditatem</strong></span> <span class='ocrx_word' id='word_1_27' title='bbox 608 312 646 332; x_wconf 87' lang='lat' dir='ltr'><strong>ex</strong></span> <span class='ocrx_word' id='word_1_28' title='bbox 670 298 775 330; x_wconf 89' lang='lat' dir='ltr'><strong>verbo</strong></span> <span class='ocrx_word' id='word_1_29' title='bbox 800 294 866 327; x_wconf 78' lang='lat' dir='ltr'><strong>Dei</strong></span> <span class='ocrx_word' id='word_1_30' title='bbox 893 291 1037 336; x_wconf 80' lang='lat' dir='ltr'>capiant.</span> <span class='ocrx_word' id='word_1_31' title='bbox 1082 289 1124 321; x_wconf 90' lang='lat' dir='ltr'><strong>In</strong></span> <span class='ocrx_word' id='word_1_32' title='bbox 1147 300 1204 320; x_wconf 90' lang='lat' dir='ltr'><strong>su-</strong></span> 
     </span>
     <span class='ocr_line' id='line_1_6' title="bbox 70 349 1204 420; baseline -0.025 -11"><span class='ocrx_word' id='word_1_33' title='bbox 70 372 270 420; x_wconf 69' lang='lat' dir='ltr'><strong>perioribus,</strong></span> <span class='ocrx_word' id='word_1_34' title='bbox 295 379 374 401; x_wconf 88' lang='lat' dir='ltr'><strong>cum</strong></span> <span class='ocrx_word' id='word_1_35' title='bbox 398 365 441 397; x_wconf 89' lang='lat' dir='ltr'><strong>de</strong></span> <span class='ocrx_word' id='word_1_36' title='bbox 463 360 694 408; x_wconf 75' lang='lat' dir='ltr'><strong>spiritualibus</strong></span> <span class='ocrx_word' id='word_1_37' title='bbox 716 357 793 390; x_wconf 82' lang='lat' dir='ltr'><strong>filiis</strong></span> <span class='ocrx_word' id='word_1_38' title='bbox 812 363 1043 391; x_wconf 79' lang='lat' dir='ltr'><strong>tractaremus,</strong></span> <span class='ocrx_word' id='word_1_39' title='bbox 1066 349 1204 383; x_wconf 83' lang='lat' dir='ltr'><strong>virtutes</strong></span> 
     </span>
     <span class='ocr_line' id='line_1_7' title="bbox 74 412 1206 474; baseline -0.025 -4"><span class='ocrx_word' id='word_1_40' title='bbox 74 433 187 474; x_wconf 73' lang='lat' dir='ltr'><strong>animi,</strong></span> <span class='ocrx_word' id='word_1_41' title='bbox 212 442 244 465; x_wconf 92' lang='lat' dir='ltr'><strong>et</strong></span> <span class='ocrx_word' id='word_1_42' title='bbox 267 441 380 464; x_wconf 88' lang='lat' dir='ltr'><strong>sensus</strong></span> <span class='ocrx_word' id='word_1_43' title='bbox 406 424 528 460; x_wconf 76' lang='lat' dir='ltr'><strong>mentis</strong></span> <span class='ocrx_word' id='word_1_44' title='bbox 550 422 641 455; x_wconf 79' lang='lat' dir='ltr'><strong>filios</strong></span> <span class='ocrx_word' id='word_1_45' title='bbox 662 419 729 454; x_wconf 83' lang='lat' dir='ltr'><strong>dici</strong></span> <span class='ocrx_word' id='word_1_46' title='bbox 755 416 947 452; x_wconf 73' lang='lat' dir='ltr'><strong>docuimus.</strong></span> <span class='ocrx_word' id='word_1_47' title='bbox 983 412 1206 455; x_wconf 82' lang='lat' dir='ltr'>Consequens</span> 
     </span>
     <span class='ocr_line' id='line_1_8' title="bbox 72 477 1208 531; baseline -0.024 -1"><span class='ocrx_word' id='word_1_48' title='bbox 72 497 143 531; x_wconf 79' lang='lat' dir='ltr'><strong>sine</strong></span> <span class='ocrx_word' id='word_1_49' title='bbox 167 492 273 528; x_wconf 85' lang='lat' dir='ltr'><strong>dubio</strong></span> <span class='ocrx_word' id='word_1_50' title='bbox 300 500 332 524; x_wconf 87' lang='lat' dir='ltr'><strong>et</strong></span> <span class='ocrx_word' id='word_1_51' title='bbox 356 486 558 523; x_wconf 82' lang='lat' dir='ltr'><strong>conveniens</strong></span> <span class='ocrx_word' id='word_1_52' title='bbox 582 483 715 517; x_wconf 79' lang='lat' dir='ltr'><strong>videtur</strong></span> <span class='ocrx_word' id='word_1_53' title='bbox 739 480 839 513; x_wconf 79' lang='lat' dir='ltr'><strong>etiam</strong></span> <span class='ocrx_word' id='word_1_54' title='bbox 863 477 949 510; x_wconf 78' lang='lat' dir='ltr'><strong>filias</strong></span> <span class='ocrx_word' id='word_1_55' title='bbox 973 486 1095 520; x_wconf 83' lang='lat' dir='ltr'><strong>opera,</strong></span> <span class='ocrx_word' id='word_1_56' title='bbox 1120 483 1208 516; x_wconf 85' lang='lat' dir='ltr'><strong>quae</strong></span> 
     </span>
     <span class='ocr_line' id='line_1_9' title="bbox 72 533 1209 601; baseline -0.025 -10"><span class='ocrx_word' id='word_1_57' title='bbox 72 554 227 601; x_wconf 76' lang='lat' dir='ltr'><strong>corporis</strong></span> <span class='ocrx_word' id='word_1_58' title='bbox 250 549 436 587; x_wconf 79' lang='lat' dir='ltr'><strong>ministerio</strong></span> <span class='ocrx_word' id='word_1_59' title='bbox 462 548 653 593; x_wconf 82' lang='lat' dir='ltr'><strong>explentur,</strong></span> <span class='ocrx_word' id='word_1_60' title='bbox 682 542 845 587; x_wconf 79' lang='lat' dir='ltr'><strong>accipere.</strong></span> <span class='ocrx_word' id='word_1_61' title='bbox 892 538 975 572; x_wconf 77' lang='lat' dir='ltr'><strong>Ideo</strong></span> <span class='ocrx_word' id='word_1_62' title='bbox 1005 533 1153 578; x_wconf 81' lang='lat' dir='ltr'><strong>denique</strong></span> <span class='ocrx_word' id='word_1_63' title='bbox 1176 540 1209 564; x_wconf 86' lang='lat' dir='ltr'><strong>et</strong></span> 
     </span>
     <span class='ocr_line' id='line_1_10' title="bbox 73 597 1210 663; baseline -0.023 -12"><span class='ocrx_word' id='word_1_64' title='bbox 73 617 247 663; x_wconf 79' lang='lat' dir='ltr'><strong>quinarius</strong></span> <span class='ocrx_word' id='word_1_65' title='bbox 277 613 316 647; x_wconf 80' lang='lat' dir='ltr'><strong>iis</strong></span> <span class='ocrx_word' id='word_1_66' title='bbox 349 623 511 645; x_wconf 85' lang='lat' dir='ltr'><strong>numerus</strong></span> <span class='ocrx_word' id='word_1_67' title='bbox 542 604 754 641; x_wconf 76' lang='lat' dir='ltr'>adscribitur.</span> <span class='ocrx_word' id='word_1_68' title='bbox 808 599 972 645; x_wconf 79' lang='lat' dir='ltr'><strong>Quinque</strong></span> <span class='ocrx_word' id='word_1_69' title='bbox 1008 597 1098 631; x_wconf 78' lang='lat' dir='ltr'><strong>enim</strong></span> <span class='ocrx_word' id='word_1_70' title='bbox 1133 607 1210 627; x_wconf 91' lang='lat' dir='ltr'><strong>cor-</strong></span> 
     </span>
     <span class='ocr_line' id='line_1_11' title="bbox 73 659 1211 725; baseline -0.023 -12"><span class='ocrx_word' id='word_1_71' title='bbox 73 678 172 725; x_wconf 81' lang='lat' dir='ltr'><strong>porei</strong></span> <span class='ocrx_word' id='word_1_72' title='bbox 194 688 310 710; x_wconf 89' lang='lat' dir='ltr'><strong>sensus</strong></span> <span class='ocrx_word' id='word_1_73' title='bbox 331 683 419 712; x_wconf 89' lang='lat' dir='ltr'><strong>sunt,</strong></span> <span class='ocrx_word' id='word_1_74' title='bbox 443 671 566 716; x_wconf 75' lang='lat' dir='ltr'><strong>quibus</strong></span> <span class='ocrx_word' id='word_1_75' title='bbox 591 679 694 701; x_wconf 90' lang='lat' dir='ltr'><strong>omne</strong></span> <span class='ocrx_word' id='word_1_76' title='bbox 719 677 805 710; x_wconf 91' lang='lat' dir='ltr'><strong>opus</strong></span> <span class='ocrx_word' id='word_1_77' title='bbox 825 663 978 707; x_wconf 84' lang='lat' dir='ltr'>expletur</span> <span class='ocrx_word' id='word_1_78' title='bbox 995 659 1031 692; x_wconf 83' lang='lat' dir='ltr'><strong>in</strong></span> <span class='ocrx_word' id='word_1_79' title='bbox 1051 667 1211 700; x_wconf 86' lang='lat' dir='ltr'><strong>corpore.</strong></span> 
     </span>
     <span class='ocr_line' id='line_1_12' title="bbox 74 715 1214 782; baseline -0.024 -7"><span class='ocrx_word' id='word_1_80' title='bbox 74 743 161 774; x_wconf 85' lang='lat' dir='ltr'><strong>Istae</strong></span> <span class='ocrx_word' id='word_1_81' title='bbox 186 752 265 781; x_wconf 84' lang='lat' dir='ltr'><strong>ergo</strong></span> <span class='ocrx_word' id='word_1_82' title='bbox 293 735 445 782; x_wconf 85' lang='lat' dir='ltr'><strong>quinque</strong></span> <span class='ocrx_word' id='word_1_83' title='bbox 468 732 566 771; x_wconf 82' lang='lat' dir='ltr'><strong>filiae,</strong></span> <span class='ocrx_word' id='word_1_84' title='bbox 589 730 624 763; x_wconf 86' lang='lat' dir='ltr'><strong>id</strong></span> <span class='ocrx_word' id='word_1_85' title='bbox 643 737 699 767; x_wconf 81' lang='lat' dir='ltr'><strong>est,</strong></span> <span class='ocrx_word' id='word_1_86' title='bbox 724 737 866 771; x_wconf 88' lang='lat' dir='ltr'><strong>operum</strong></span> <span class='ocrx_word' id='word_1_87' title='bbox 882 719 1061 768; x_wconf 85' lang='lat' dir='ltr'><strong>perfectio,</strong></span> <span class='ocrx_word' id='word_1_88' title='bbox 1085 715 1214 751; x_wconf 76' lang='lat' dir='ltr'><strong>etiamsi</strong></span> 
     </span>
     <span class='ocr_line' id='line_1_13' title="bbox 79 776 1214 848; baseline -0.024 -12"><span class='ocrx_word' id='word_1_89' title='bbox 79 812 174 848; x_wconf 81' lang='lat' dir='ltr'><strong>patre</strong></span> <span class='ocrx_word' id='word_1_90' title='bbox 199 801 381 837; x_wconf 80' lang='lat' dir='ltr'><strong>orbentur,</strong></span> <span class='ocrx_word' id='word_1_91' title='bbox 412 803 443 828; x_wconf 88' lang='lat' dir='ltr'><strong>et</strong></span> <span class='ocrx_word' id='word_1_92' title='bbox 474 798 673 826; x_wconf 82' lang='lat' dir='ltr'><strong>remaneant</strong></span> <span class='ocrx_word' id='word_1_93' title='bbox 697 788 890 832; x_wconf 81' lang='lat' dir='ltr'><strong>orphanae,</strong></span> <span class='ocrx_word' id='word_1_94' title='bbox 920 795 994 816; x_wconf 88' lang='lat' dir='ltr'><strong>non</strong></span> <span class='ocrx_word' id='word_1_95' title='bbox 1017 790 1131 814; x_wconf 82' lang='lat' dir='ltr'><strong>tamen</strong></span> <span class='ocrx_word' id='word_1_96' title='bbox 1155 776 1214 822; x_wconf 81' lang='lat' dir='ltr'><strong>eji-</strong></span> 
     </span>
     <span class='ocr_line' id='line_1_14' title="bbox 78 840 1215 898; baseline -0.022 -1"><span class='ocrx_word' id='word_1_97' title='bbox 78 864 214 898; x_wconf 84' lang='lat' dir='ltr'><strong>ciuntur</strong></span> <span class='ocrx_word' id='word_1_98' title='bbox 244 861 286 892; x_wconf 91' lang='lat' dir='ltr'><strong>ab</strong></span> <span class='ocrx_word' id='word_1_99' title='bbox 304 855 538 893; x_wconf 80' lang='lat' dir='ltr'><strong>&#39;haereditate,</strong></span> <span class='ocrx_word' id='word_1_100' title='bbox 570 862 681 895; x_wconf 88' lang='lat' dir='ltr'><strong>neque</strong></span> <span class='ocrx_word' id='word_1_101' title='bbox 711 847 938 882; x_wconf 78' lang='lat' dir='ltr'><strong>excluduntur</strong></span> <span class='ocrx_word' id='word_1_102' title='bbox 961 857 979 877; x_wconf 89' lang='lat' dir='ltr'><strong>a</strong></span> <span class='ocrx_word' id='word_1_103' title='bbox 1002 853 1126 885; x_wconf 88' lang='lat' dir='ltr'><strong>regno,</strong></span> <span class='ocrx_word' id='word_1_104' title='bbox 1156 840 1215 873; x_wconf 86' lang='lat' dir='ltr'><strong>sed</strong></span> 
     </span>
     <span class='ocr_line' id='line_1_15' title="bbox 77 901 1215 964; baseline -0.023 -5"><span class='ocrx_word' id='word_1_105' title='bbox 77 925 112 958; x_wconf 81' lang='lat' dir='ltr'><strong>in</strong></span> <span class='ocrx_word' id='word_1_106' title='bbox 149 922 265 956; x_wconf 85' lang='lat' dir='ltr'><strong>medio</strong></span> <span class='ocrx_word' id='word_1_107' title='bbox 304 917 413 964; x_wconf 79' lang='lat' dir='ltr'><strong>plebis</strong></span> <span class='ocrx_word' id='word_1_108' title='bbox 446 915 513 949; x_wconf 86' lang='lat' dir='ltr'><strong>Dei</strong></span> <span class='ocrx_word' id='word_1_109' title='bbox 548 911 745 958; x_wconf 78' lang='lat' dir='ltr'><strong>portionem</strong></span> <span class='ocrx_word' id='word_1_110' title='bbox 785 906 999 941; x_wconf 79' lang='lat' dir='ltr'><strong>haereditatis</strong></span> <span class='ocrx_word' id='word_1_111' title='bbox 1036 901 1215 947; x_wconf 80' lang='lat' dir='ltr'><strong>accipiunt.</strong></span> 
     </span>
     <span class='ocr_line' id='line_1_16' title="bbox 79 966 1217 1022; baseline -0.019 -4"><span class='ocrx_word' id='word_1_112' title='bbox 79 985 219 1020; x_wconf 78' lang='lat' dir='ltr'><strong>Interim</strong></span> <span class='ocrx_word' id='word_1_113' title='bbox 242 983 427 1019; x_wconf 81' lang='lat' dir='ltr'><strong>videamus,</strong></span> <span class='ocrx_word' id='word_1_114' title='bbox 451 977 525 1022; x_wconf 78' lang='lat' dir='ltr'><strong>quis</strong></span> <span class='ocrx_word' id='word_1_115' title='bbox 551 985 597 1008; x_wconf 83' lang='lat' dir='ltr'><strong>est</strong></span> <span class='ocrx_word' id='word_1_116' title='bbox 618 973 681 1006; x_wconf 81' lang='lat' dir='ltr'><strong>iste</strong></span> <span class='ocrx_word' id='word_1_117' title='bbox 702 980 799 1017; x_wconf 84' lang='lat' dir='ltr'><strong>pater</strong></span> <span class='ocrx_word' id='word_1_118' title='bbox 823 982 957 1008; x_wconf 83' lang='lat' dir='ltr'><strong>earum,</strong></span> <span class='ocrx_word' id='word_1_119' title='bbox 980 966 1038 1011; x_wconf 79' lang='lat' dir='ltr'><strong>qui</strong></span> <span class='ocrx_word' id='word_1_120' title='bbox 1062 973 1217 998; x_wconf 88' lang='lat' dir='ltr'><strong>mortuus</strong></span> 
     </span>
     <span class='ocr_line' id='line_1_17' title="bbox 81 1027 1218 1084; baseline -0.023 -1"><span class='ocrx_word' id='word_1_121' title='bbox 81 1061 150 1082; x_wconf 85' lang='lat' dir='ltr'><strong>esse</strong></span> <span class='ocrx_word' id='word_1_122' title='bbox 172 1045 305 1080; x_wconf 82' lang='lat' dir='ltr'><strong>dicitur.</strong></span> <span class='ocrx_word' id='word_1_123' title='bbox 332 1039 548 1084; x_wconf 82' lang='lat' dir='ltr'><strong>‚,Salphaat,“</strong></span> <span class='ocrx_word' id='word_1_124' title='bbox 572 1035 692 1079; x_wconf 82' lang='lat' dir='ltr'><strong>inquit.</strong></span> <span class='ocrx_word' id='word_1_125' title='bbox 728 1032 893 1077; x_wconf 81' lang='lat' dir='ltr'><strong>Salphaat</strong></span> <span class='ocrx_word' id='word_1_126' title='bbox 916 1039 1026 1063; x_wconf 76' lang='lat' dir='ltr'><strong>autem</strong></span> <span class='ocrx_word' id='word_1_127' title='bbox 1051 1027 1218 1071; x_wconf 84' lang='lat' dir='ltr'><strong>interpre-</strong></span> 
     </span>
     <span class='ocr_line' id='line_1_18' title="bbox 80 1090 1219 1144; baseline -0.021 -1"><span class='ocrx_word' id='word_1_128' title='bbox 80 1118 170 1143; x_wconf 81' lang='lat' dir='ltr'><strong>tatur</strong></span> <span class='ocrx_word' id='word_1_129' title='bbox 199 1106 322 1140; x_wconf 79' lang='lat' dir='ltr'><strong>umbra</strong></span> <span class='ocrx_word' id='word_1_130' title='bbox 353 1104 390 1136; x_wconf 76' lang='lat' dir='ltr'><strong>in</strong></span> <span class='ocrx_word' id='word_1_131' title='bbox 422 1114 482 1134; x_wconf 84' lang='lat' dir='ltr'><strong>ore</strong></span> <span class='ocrx_word' id='word_1_132' title='bbox 515 1097 602 1144; x_wconf 74' lang='lat' dir='ltr'><strong>ejus3</strong></span> <span class='ocrx_word' id='word_1_133' title='bbox 633 1104 730 1140; x_wconf 88' lang='lat' dir='ltr'><strong>pater</strong></span> <span class='ocrx_word' id='word_1_134' title='bbox 766 1106 910 1137; x_wconf 84' lang='lat' dir='ltr'><strong>operum</strong></span> <span class='ocrx_word' id='word_1_135' title='bbox 941 1090 1131 1123; x_wconf 85' lang='lat' dir='ltr'><strong>intellectus</strong></span> <span class='ocrx_word' id='word_1_136' title='bbox 1163 1096 1219 1120; x_wconf 80' lang='lat' dir='ltr'><strong>est,</strong></span> 
     </span>
     <span class='ocr_line' id='line_1_19' title="bbox 83 1154 1222 1213; baseline -0.02 -10"><span class='ocrx_word' id='word_1_137' title='bbox 83 1171 194 1213; x_wconf 81' lang='lat' dir='ltr'><strong>Saepe</strong></span> <span class='ocrx_word' id='word_1_138' title='bbox 218 1179 297 1207; x_wconf 84' lang='lat' dir='ltr'><strong>ergo</strong></span> <span class='ocrx_word' id='word_1_139' title='bbox 323 1162 454 1202; x_wconf 76' lang='lat' dir='ltr'><strong>accidit,</strong></span> <span class='ocrx_word' id='word_1_140' title='bbox 478 1170 511 1194; x_wconf 87' lang='lat' dir='ltr'><strong>et</strong></span> <span class='ocrx_word' id='word_1_141' title='bbox 529 1172 601 1193; x_wconf 91' lang='lat' dir='ltr'><strong>non</strong></span> <span class='ocrx_word' id='word_1_142' title='bbox 619 1155 720 1202; x_wconf 86' lang='lat' dir='ltr'><strong>pauci</strong></span> <span class='ocrx_word' id='word_1_143' title='bbox 741 1155 828 1188; x_wconf 83' lang='lat' dir='ltr'><strong>inter</strong></span> <span class='ocrx_word' id='word_1_144' title='bbox 846 1154 963 1186; x_wconf 74' lang='lat' dir='ltr'><strong>fratres</strong></span> <span class='ocrx_word' id='word_1_145' title='bbox 985 1159 1121 1184; x_wconf 74' lang='lat' dir='ltr'><strong>nostros</strong></span> <span class='ocrx_word' id='word_1_146' title='bbox 1133 1157 1222 1187; x_wconf 83' lang='lat' dir='ltr'><strong>sunt,</strong></span> 
     </span>
     <span class='ocr_line' id='line_1_20' title="bbox 83 1211 1222 1275; baseline -0.019 -11"><span class='ocrx_word' id='word_1_147' title='bbox 83 1231 118 1264; x_wconf 77' lang='lat' dir='ltr'><strong>in</strong></span> <span class='ocrx_word' id='word_1_148' title='bbox 143 1230 264 1275; x_wconf 75' lang='lat' dir='ltr'><strong>quibus</strong></span> <span class='ocrx_word' id='word_1_149' title='bbox 289 1225 478 1260; x_wconf 81' lang='lat' dir='ltr'><strong>intellectus</strong></span> <span class='ocrx_word' id='word_1_150' title='bbox 503 1221 603 1255; x_wconf 80' lang='lat' dir='ltr'><strong>altior</strong></span> <span class='ocrx_word' id='word_1_151' title='bbox 627 1225 659 1251; x_wconf 87' lang='lat' dir='ltr'><strong>ct</strong></span> <span class='ocrx_word' id='word_1_152' title='bbox 681 1215 891 1262; x_wconf 70' lang='lat' dir='ltr'><strong>profundior</strong></span> <span class='ocrx_word' id='word_1_153' title='bbox 920 1213 1053 1252; x_wconf 87' lang='lat' dir='ltr'><strong>nullus,</strong></span> <span class='ocrx_word' id='word_1_154' title='bbox 1084 1211 1144 1245; x_wconf 87' lang='lat' dir='ltr'><strong>sed</strong></span> <span class='ocrx_word' id='word_1_155' title='bbox 1175 1218 1222 1243; x_wconf 81' lang='lat' dir='ltr'><strong>est</strong></span> 
     </span>
     <span class='ocr_line' id='line_1_21' title="bbox 85 1274 1220 1326; baseline -0.019 0"><span class='ocrx_word' id='word_1_156' title='bbox 85 1294 120 1326; x_wconf 82' lang='lat' dir='ltr'><strong>in</strong></span> <span class='ocrx_word' id='word_1_157' title='bbox 153 1291 192 1324; x_wconf 85' lang='lat' dir='ltr'><strong>iis</strong></span> <span class='ocrx_word' id='word_1_158' title='bbox 223 1301 337 1323; x_wconf 84' lang='lat' dir='ltr'><strong>sensus</strong></span> <span class='ocrx_word' id='word_1_159' title='bbox 368 1294 561 1321; x_wconf 84' lang='lat' dir='ltr'><strong>emortuus,</strong></span> <span class='ocrx_word' id='word_1_160' title='bbox 589 1280 674 1315; x_wconf 77' lang='lat' dir='ltr'><strong>sicut</strong></span> <span class='ocrx_word' id='word_1_161' title='bbox 703 1280 746 1312; x_wconf 84' lang='lat' dir='ltr'><strong>de</strong></span> <span class='ocrx_word' id='word_1_162' title='bbox 778 1276 930 1322; x_wconf 79' lang='lat' dir='ltr'><strong>quodam</strong></span> <span class='ocrx_word' id='word_1_163' title='bbox 960 1274 1123 1319; x_wconf 86' lang='lat' dir='ltr'><strong>scriptum</strong></span> <span class='ocrx_word' id='word_1_164' title='bbox 1158 1281 1220 1305; x_wconf 83' lang='lat' dir='ltr'><strong>est:</strong></span> 
     </span>
     <span class='ocr_line' id='line_1_22' title="bbox 86 1332 1223 1396; baseline -0.019 -9"><span class='ocrx_word' id='word_1_165' title='bbox 86 1353 188 1396; x_wconf 81' lang='lat' dir='ltr'><strong>„et¹)</strong></span> <span class='ocrx_word' id='word_1_166' title='bbox 213 1358 406 1384; x_wconf 87' lang='lat' dir='ltr'><strong>emortuum</strong></span> <span class='ocrx_word' id='word_1_167' title='bbox 431 1354 479 1379; x_wconf 85' lang='lat' dir='ltr'><strong>est</strong></span> <span class='ocrx_word' id='word_1_168' title='bbox 503 1357 563 1378; x_wconf 91' lang='lat' dir='ltr'><strong>cor</strong></span> <span class='ocrx_word' id='word_1_169' title='bbox 587 1340 658 1387; x_wconf 81' lang='lat' dir='ltr'><strong>ejus</strong></span> <span class='ocrx_word' id='word_1_170' title='bbox 681 1340 715 1373; x_wconf 80' lang='lat' dir='ltr'><strong>in</strong></span> <span class='ocrx_word' id='word_1_171' title='bbox 742 1332 851 1384; x_wconf 79' lang='lat' dir='ltr'><strong>ipso.“</strong></span> <span class='ocrx_word' id='word_1_172' title='bbox 889 1337 955 1370; x_wconf 86' lang='lat' dir='ltr'><strong>Iste</strong></span> <span class='ocrx_word' id='word_1_173' title='bbox 981 1347 1071 1376; x_wconf 83' lang='lat' dir='ltr'><strong>ergo,</strong></span> <span class='ocrx_word' id='word_1_174' title='bbox 1096 1332 1223 1366; x_wconf 75' lang='lat' dir='ltr'><strong>etiamsi</strong></span> 
     </span>
     <span class='ocr_line' id='line_1_23' title="bbox 86 1399 1225 1453; baseline -0.02 -4"><span class='ocrx_word' id='word_1_175' title='bbox 86 1416 130 1449; x_wconf 86' lang='lat' dir='ltr'><strong>ad</strong></span> <span class='ocrx_word' id='word_1_176' title='bbox 152 1408 408 1453; x_wconf 76' lang='lat' dir='ltr'><strong>intelligentiam</strong></span> <span class='ocrx_word' id='word_1_177' title='bbox 431 1404 641 1452; x_wconf 78' lang='lat' dir='ltr'><strong>spiritualem</strong></span> <span class='ocrx_word' id='word_1_178' title='bbox 667 1401 753 1434; x_wconf 83' lang='lat' dir='ltr'><strong>nihil</strong></span> <span class='ocrx_word' id='word_1_179' title='bbox 771 1401 868 1444; x_wconf 82' lang='lat' dir='ltr'><strong>sapit,</strong></span> <span class='ocrx_word' id='word_1_180' title='bbox 892 1399 951 1432; x_wconf 87' lang='lat' dir='ltr'><strong>sed</strong></span> <span class='ocrx_word' id='word_1_181' title='bbox 975 1406 1023 1430; x_wconf 86' lang='lat' dir='ltr'><strong>est</strong></span> <span class='ocrx_word' id='word_1_182' title='bbox 1039 1404 1225 1432; x_wconf 87' lang='lat' dir='ltr'><strong>emortuus,</strong></span> 
     </span>
     <span class='ocr_line' id='line_1_24' title="bbox 86 1457 1226 1515; baseline -0.02 -4"><span class='ocrx_word' id='word_1_183' title='bbox 86 1488 199 1512; x_wconf 87' lang='lat' dir='ltr'><strong>tamen</strong></span> <span class='ocrx_word' id='word_1_184' title='bbox 214 1474 239 1508; x_wconf 75' lang='lat' dir='ltr'><strong>si</strong></span> <span class='ocrx_word' id='word_1_185' title='bbox 256 1469 408 1515; x_wconf 81' lang='lat' dir='ltr'><strong>genuerit</strong></span> <span class='ocrx_word' id='word_1_186' title='bbox 428 1468 525 1508; x_wconf 67' lang='lat' dir='ltr'><strong>filias,</strong></span> <span class='ocrx_word' id='word_1_187' title='bbox 546 1466 582 1499; x_wconf 85' lang='lat' dir='ltr'><strong>id</strong></span> <span class='ocrx_word' id='word_1_188' title='bbox 602 1473 658 1504; x_wconf 87' lang='lat' dir='ltr'><strong>est,</strong></span> <span class='ocrx_word' id='word_1_189' title='bbox 679 1476 784 1508; x_wconf 86' lang='lat' dir='ltr'><strong>opera</strong></span> <span class='ocrx_word' id='word_1_190' title='bbox 799 1458 986 1498; x_wconf 74' lang='lat' dir='ltr'><strong>ministerii,</strong></span> <span class='ocrx_word' id='word_1_191' title='bbox 1003 1471 1107 1503; x_wconf 85' lang='lat' dir='ltr'><strong>opera</strong></span> <span class='ocrx_word' id='word_1_192' title='bbox 1125 1457 1226 1489; x_wconf 87' lang='lat' dir='ltr'><strong>obse-</strong></span> 
     </span>
     <span class='ocr_line' id='line_1_25' title="bbox 88 1521 1227 1585; baseline -0.021 -12"><span class='ocrx_word' id='word_1_193' title='bbox 88 1538 259 1585; x_wconf 86' lang='lat' dir='ltr'><strong>quiorum,</strong></span> <span class='ocrx_word' id='word_1_194' title='bbox 278 1545 384 1578; x_wconf 80' lang='lat' dir='ltr'><strong>opera</strong></span> <span class='ocrx_word' id='word_1_195' title='bbox 398 1530 640 1564; x_wconf 77' lang='lat' dir='ltr'><strong>mandatorum</strong></span> <span class='ocrx_word' id='word_1_196' title='bbox 658 1524 736 1564; x_wconf 82' lang='lat' dir='ltr'><strong>Dei,</strong></span> <span class='ocrx_word' id='word_1_197' title='bbox 756 1521 995 1556; x_wconf 71' lang='lat' dir='ltr'><strong>haereditatem</strong></span> <span class='ocrx_word' id='word_1_198' title='bbox 1017 1528 1126 1552; x_wconf 82' lang='lat' dir='ltr'><strong>terrae</strong></span> <span class='ocrx_word' id='word_1_199' title='bbox 1149 1530 1227 1550; x_wconf 85' lang='lat' dir='ltr'><strong>cum</strong></span> 
     </span>
     <span class='ocr_line' id='line_1_26' title="bbox 90 1580 1230 1645; baseline -0.021 -11"><span class='ocrx_word' id='word_1_200' title='bbox 90 1594 344 1645; x_wconf 78' lang='lat' dir='ltr'><strong>plebeDomini</strong></span> <span class='ocrx_word' id='word_1_201' title='bbox 359 1587 634 1635; x_wconf 83' lang='lat' dir='ltr'><strong>consequitur.²)</strong></span> <span class='ocrx_word' id='word_1_202' title='bbox 669 1587 751 1620; x_wconf 89' lang='lat' dir='ltr'><strong>Non</strong></span> <span class='ocrx_word' id='word_1_203' title='bbox 769 1583 896 1630; x_wconf 83' lang='lat' dir='ltr'><strong>poterit</strong></span> <span class='ocrx_word' id='word_1_204' title='bbox 914 1581 1051 1627; x_wconf 80' lang='lat' dir='ltr'><strong>quidem</strong></span> <span class='ocrx_word' id='word_1_205' title='bbox 1068 1580 1155 1612; x_wconf 88' lang='lat' dir='ltr'><strong>inter</strong></span> <span class='ocrx_word' id='word_1_206' title='bbox 1170 1592 1230 1611; x_wconf 86' lang='lat' dir='ltr'><strong>cos</strong></span> 
     </span>
     <span class='ocr_line' id='line_1_27' title="bbox 92 1640 1230 1701; baseline -0.021 -6"><span class='ocrx_word' id='word_1_207' title='bbox 92 1658 275 1698; x_wconf 84' lang='lat' dir='ltr'><strong>numerari,</strong></span> <span class='ocrx_word' id='word_1_208' title='bbox 296 1667 444 1701; x_wconf 87' lang='lat' dir='ltr'><strong>quorum</strong></span> <span class='ocrx_word' id='word_1_209' title='bbox 467 1650 582 1697; x_wconf 80' lang='lat' dir='ltr'><strong>portio</strong></span> <span class='ocrx_word' id='word_1_210' title='bbox 603 1647 776 1682; x_wconf 76' lang='lat' dir='ltr'><strong>Dominus</strong></span> <span class='ocrx_word' id='word_1_211' title='bbox 796 1655 854 1686; x_wconf 86' lang='lat' dir='ltr'><strong>est,</strong></span> <span class='ocrx_word' id='word_1_212' title='bbox 873 1656 1022 1689; x_wconf 85' lang='lat' dir='ltr'><strong>quorum</strong></span> <span class='ocrx_word' id='word_1_213' title='bbox 1044 1640 1230 1674; x_wconf 78' lang='lat' dir='ltr'><strong>haereditas</strong></span> 
     </span>
     <span class='ocr_line' id='line_1_28' title="bbox 93 1706 1233 1762; baseline -0.02 -6"><span class='ocrx_word' id='word_1_214' title='bbox 93 1724 187 1755; x_wconf 89' lang='lat' dir='ltr'><strong>Deus</strong></span> <span class='ocrx_word' id='word_1_215' title='bbox 202 1730 261 1762; x_wconf 87' lang='lat' dir='ltr'><strong>est,</strong></span> <span class='ocrx_word' id='word_1_216' title='bbox 276 1731 349 1751; x_wconf 90' lang='lat' dir='ltr'><strong>non</strong></span> <span class='ocrx_word' id='word_1_217' title='bbox 357 1714 485 1761; x_wconf 84' lang='lat' dir='ltr'><strong>poterit</strong></span> <span class='ocrx_word' id='word_1_218' title='bbox 499 1711 575 1755; x_wconf 77' lang='lat' dir='ltr'><strong>in3)</strong></span> <span class='ocrx_word' id='word_1_219' title='bbox 585 1709 816 1743; x_wconf 71' lang='lat' dir='ltr'><strong>ministrorum</strong></span> <span class='ocrx_word' id='word_1_220' title='bbox 831 1716 862 1739; x_wconf 89' lang='lat' dir='ltr'><strong>ct</strong></span> <span class='ocrx_word' id='word_1_221' title='bbox 875 1706 1093 1740; x_wconf 72' lang='lat' dir='ltr'><strong>sacerdotum</strong></span> <span class='ocrx_word' id='word_1_222' title='bbox 1112 1714 1233 1735; x_wconf 86' lang='lat' dir='ltr'><strong>munc-</strong></span> 
     </span>
     <span class='ocr_line' id='line_1_29' title="bbox 96 1766 1234 1825; baseline -0.021 -7"><span class='ocrx_word' id='word_1_223' title='bbox 96 1797 135 1817; x_wconf 83' lang='lat' dir='ltr'><strong>ro</strong></span> <span class='ocrx_word' id='word_1_224' title='bbox 152 1781 286 1825; x_wconf 83' lang='lat' dir='ltr'><strong>suscipi,</strong></span> <span class='ocrx_word' id='word_1_225' title='bbox 313 1779 346 1812; x_wconf 83' lang='lat' dir='ltr'><strong>in</strong></span> <span class='ocrx_word' id='word_1_226' title='bbox 361 1774 499 1822; x_wconf 75' lang='lat' dir='ltr'><strong>plebeio</strong></span> <span class='ocrx_word' id='word_1_227' title='bbox 513 1783 625 1807; x_wconf 87' lang='lat' dir='ltr'><strong>tamen</strong></span> <span class='ocrx_word' id='word_1_228' title='bbox 645 1769 766 1804; x_wconf 85' lang='lat' dir='ltr'><strong>ordine</strong></span> <span class='ocrx_word' id='word_1_229' title='bbox 780 1766 1023 1801; x_wconf 73' lang='lat' dir='ltr'><strong>haereditatem</strong></span> <span class='ocrx_word' id='word_1_230' title='bbox 1049 1774 1157 1797; x_wconf 81' lang='lat' dir='ltr'><strong>terrae</strong></span> <span class='ocrx_word' id='word_1_231' title='bbox 1181 1776 1234 1796; x_wconf 78' lang='lat' dir='ltr'><strong>rc-</strong></span> 
     </span>
     <span class='ocr_line' id='line_1_30' title="bbox 98 1824 1234 1890; baseline -0.019 -12"><span class='ocrx_word' id='word_1_232' title='bbox 98 1840 331 1890; x_wconf 67' lang='lat' dir='ltr'><strong>promissionis</strong></span> <span class='ocrx_word' id='word_1_233' title='bbox 355 1836 511 1882; x_wconf 79' lang='lat' dir='ltr'><strong>accipiet:</strong></span> <span class='ocrx_word' id='word_1_234' title='bbox 543 1831 723 1876; x_wconf 72' lang='lat' dir='ltr'><strong>„multi4)</strong></span> <span class='ocrx_word' id='word_1_235' title='bbox 753 1830 844 1864; x_wconf 80' lang='lat' dir='ltr'><strong>enim</strong></span> <span class='ocrx_word' id='word_1_236' title='bbox 875 1837 954 1861; x_wconf 86' lang='lat' dir='ltr'><strong>sunt</strong></span> <span class='ocrx_word' id='word_1_237' title='bbox 985 1826 1111 1866; x_wconf 74' lang='lat' dir='ltr'><strong>vocati,</strong></span> <span class='ocrx_word' id='word_1_238' title='bbox 1135 1824 1234 1869; x_wconf 65' lang='lat' dir='ltr'><strong>pauci</strong></span> 
     </span>
    </p>
   </div>
   <div class='ocr_carea' id='block_1_4' title="bbox 98 1884 1235 1939">
    <p class='ocr_par' dir='ltr' id='par_1_4' title="bbox 98 1884 1235 1939">
     <span class='ocr_line' id='line_1_31' title="bbox 98 1884 1235 1939; baseline -0.021 1"><span class='ocrx_word' id='word_1_239' title='bbox 98 1916 210 1939; x_wconf 82' lang='lat' dir='ltr'><strong>autem</strong></span> <span class='ocrx_word' id='word_1_240' title='bbox 228 1902 357 1936; x_wconf 82' lang='lat' dir='ltr'><strong>electi.“</strong></span> <span class='ocrx_word' id='word_1_241' title='bbox 394 1896 595 1933; x_wconf 80' lang='lat' dir='ltr'><strong>Ostenditur</strong></span> <span class='ocrx_word' id='word_1_242' title='bbox 615 1904 728 1928; x_wconf 80' lang='lat' dir='ltr'><strong>tamen</strong></span> <span class='ocrx_word' id='word_1_243' title='bbox 751 1902 781 1925; x_wconf 84' lang='lat' dir='ltr'><strong>et</strong></span> <span class='ocrx_word' id='word_1_244' title='bbox 800 1902 898 1924; x_wconf 86' lang='lat' dir='ltr'><strong>causa</strong></span> <span class='ocrx_word' id='word_1_245' title='bbox 918 1888 1071 1933; x_wconf 80' lang='lat' dir='ltr'><strong>exipsius</strong></span> <span class='ocrx_word' id='word_1_246' title='bbox 1087 1884 1235 1920; x_wconf 66' lang='lat' dir='ltr'><strong>nominis</strong></span> 
     </span>
    </p>
   </div>
   <div class='ocr_carea' id='block_1_5' title="bbox 196 2086 788 2302">
    <p class='ocr_par' dir='ltr' id='par_1_5' title="bbox 198 2086 607 2135">
     <span class='ocr_line' id='line_1_32' title="bbox 198 2086 607 2135; baseline -0.02 -10"><span class='ocrx_word' id='word_1_247' title='bbox 198 2093 231 2135; x_wconf 88' lang='lat'><strong>¹)</strong></span> <span class='ocrx_word' id='word_1_248' title='bbox 257 2091 271 2123; x_wconf 90' lang='lat' dir='ltr'>l</span> <span class='ocrx_word' id='word_1_249' title='bbox 297 2091 388 2124; x_wconf 79' lang='lat' dir='ltr'><strong>Sam.</strong></span> <span class='ocrx_word' id='word_1_250' title='bbox 412 2087 532 2125; x_wconf 87' lang='lat' dir='ltr'><strong>XXV,</strong></span> <span class='ocrx_word' id='word_1_251' title='bbox 554 2086 607 2120; x_wconf 78' lang='grc'><strong>37.</strong></span> 
     </span>
    </p>

    <p class='ocr_par' dir='ltr' id='par_1_6' title="bbox 196 2142 788 2247">
     <span class='ocr_line' id='line_1_33' title="bbox 197 2142 788 2192; baseline -0.019 -12"><span class='ocrx_word' id='word_1_252' title='bbox 197 2149 235 2192; x_wconf 81' lang='lat'><strong>²)</strong></span> <span class='ocrx_word' id='word_1_253' title='bbox 258 2147 347 2179; x_wconf 80' lang='lat' dir='ltr'><strong>Edd.</strong></span> <span class='ocrx_word' id='word_1_254' title='bbox 373 2142 529 2177; x_wconf 83' lang='lat' dir='ltr'><strong>Merlini:</strong></span> <span class='ocrx_word' id='word_1_255' title='bbox 555 2148 788 2184; x_wconf 80' lang='lat' dir='ltr'><strong>consequetur.</strong></span> 
     </span>
     <span class='ocr_line' id='line_1_34' title="bbox 196 2194 712 2247; baseline -0.019 -10"><span class='ocrx_word' id='word_1_256' title='bbox 196 2205 233 2247; x_wconf 78' lang='lat'><strong>³)</strong></span> <span class='ocrx_word' id='word_1_257' title='bbox 258 2203 363 2235; x_wconf 84' lang='lat' dir='ltr'><strong>Deest</strong></span> <span class='ocrx_word' id='word_1_258' title='bbox 387 2200 477 2240; x_wconf 73' lang='lat' dir='ltr'><strong>„in“</strong></span> <span class='ocrx_word' id='word_1_259' title='bbox 501 2198 537 2230; x_wconf 82' lang='lat' dir='ltr'><strong>in</strong></span> <span class='ocrx_word' id='word_1_260' title='bbox 562 2197 638 2230; x_wconf 85' lang='lat' dir='ltr'><strong>edd.</strong></span> <span class='ocrx_word' id='word_1_261' title='bbox 662 2194 712 2227; x_wconf 89' lang='grc' dir='ltr'><strong>Μ.</strong></span> 
     </span>
    </p>

    <p class='ocr_par' dir='ltr' id='par_1_7' title="bbox 197 2254 602 2302">
     <span class='ocr_line' id='line_1_35' title="bbox 197 2254 602 2302; baseline -0.02 -9"><span class='ocrx_word' id='word_1_262' title='bbox 197 2260 232 2302; x_wconf 74' lang='lat'><strong>⁴)</strong></span> <span class='ocrx_word' id='word_1_263' title='bbox 256 2258 381 2292; x_wconf 84' lang='lat' dir='ltr'><strong>Matth.</strong></span> <span class='ocrx_word' id='word_1_264' title='bbox 405 2254 524 2293; x_wconf 84' lang='lat' dir='ltr'><strong>XXII,</strong></span> <span class='ocrx_word' id='word_1_265' title='bbox 549 2254 602 2287; x_wconf 80' lang='grc'><strong>14.</strong></span> 
     </span>
    </p>
   </div>
  </div>
 </body>
</html>
