<?xml version="1.0" encoding="UTF-8"?>
<!DOCTYPE html PUBLIC "-//W3C//DTD XHTML 1.0 Transitional//EN"
    "http://www.w3.org/TR/xhtml1/DTD/xhtml1-transitional.dtd">
<html xmlns="http://www.w3.org/1999/xhtml" xml:lang="en" lang="en">
 <head>
  <title>
</title>
<meta http-equiv="Content-Type" content="text/html;charset=utf-8" />
  <meta name='ocr-system' content='tesseract 3.04.00' />
  <meta name='ocr-capabilities' content='ocr_page ocr_carea ocr_par ocr_line ocrx_word'/>
</head>
<body>
  <div class='ocr_page' id='page_1' title='image "./operaomniaquaegr10orig/operaomniaquaegr10orig_0237.png"; bbox 0 0 1427 2460; ppageno 0'>
   <div class='ocr_carea' id='block_1_1' title="bbox 354 52 1197 87">
    <p class='ocr_par' dir='ltr' id='par_1_1' title="bbox 354 52 1197 87">
     <span class='ocr_line' id='line_1_1' title="bbox 354 52 1197 87; baseline 0.001 -1"><span class='ocrx_word' id='word_1_1' title='bbox 354 64 389 86; x_wconf 77' lang='lat' dir='ltr'><strong>m</strong></span> <span class='ocrx_word' id='word_1_2' title='bbox 413 54 589 86; x_wconf 67' lang='lat' dir='ltr'>Nummos</span> <span class='ocrx_word' id='word_1_3' title='bbox 614 52 774 85; x_wconf 73' lang='lat' dir='ltr'>nomm</span> <span class='ocrx_word' id='word_1_4' title='bbox 795 52 903 84; x_wconf 82' lang='lat' dir='ltr'>xvn.</span> <span class='ocrx_word' id='word_1_5' title='bbox 1129 53 1197 87; x_wconf 77' lang='lat'>215</span> 
     </span>
    </p>
   </div>
   <div class='ocr_carea' id='block_1_2' title="bbox 57 141 1193 1716">
    <p class='ocr_par' dir='ltr' id='par_1_2' title="bbox 68 141 1193 238">
     <span class='ocr_line' id='line_1_2' title="bbox 68 141 1193 189; baseline -0.003 -12"><span class='ocrx_word' id='word_1_6' title='bbox 68 144 210 189; x_wconf 84' lang='lat' dir='ltr'>pedibus</span> <span class='ocrx_word' id='word_1_7' title='bbox 249 145 336 189; x_wconf 82' lang='lat' dir='ltr'>ejus,</span> <span class='ocrx_word' id='word_1_8' title='bbox 376 144 434 176; x_wconf 80' lang='lat' dir='ltr'>sed</span> <span class='ocrx_word' id='word_1_9' title='bbox 477 150 509 174; x_wconf 84' lang='lat' dir='ltr'>et</span> <span class='ocrx_word' id='word_1_10' title='bbox 552 141 768 174; x_wconf 81' lang='lat' dir='ltr'>novissimum</span> <span class='ocrx_word' id='word_1_11' title='bbox 815 141 990 174; x_wconf 78' lang='lat' dir='ltr'>inimicum</span> <span class='ocrx_word' id='word_1_12' title='bbox 1034 142 1193 182; x_wconf 73' lang='lat' dir='ltr'>destruat,</span> 
     </span>
     <span class='ocr_line' id='line_1_3' title="bbox 68 214 223 238; baseline 0.006 -1"><span class='ocrx_word' id='word_1_13' title='bbox 68 214 223 238; x_wconf 85' lang='lat' dir='ltr'>mortem.</span> 
     </span>
    </p>

    <p class='ocr_par' dir='ltr' id='par_1_3' title="bbox 57 263 1193 1716">
     <span class='ocr_line' id='line_1_4' title="bbox 68 263 1191 310; baseline -0.005 -9"><span class='ocrx_word' id='word_1_14' title='bbox 68 307 70 310; x_wconf 15' lang='lat' dir='ltr'>y</span> <span class='ocrx_word' id='word_1_15' title='bbox 156 267 186 301; x_wconf 83' lang='grc'>6.</span> <span class='ocrx_word' id='word_1_16' title='bbox 216 266 299 299; x_wconf 83' lang='lat' dir='ltr'>Post</span> <span class='ocrx_word' id='word_1_17' title='bbox 319 265 400 298; x_wconf 83' lang='lat' dir='ltr'>baec</span> <span class='ocrx_word' id='word_1_18' title='bbox 423 263 584 308; x_wconf 84' lang='lat' dir='ltr'>scriptum</span> <span class='ocrx_word' id='word_1_19' title='bbox 611 273 658 298; x_wconf 83' lang='lat' dir='ltr'>est</span> <span class='ocrx_word' id='word_1_20' title='bbox 681 265 791 298; x_wconf 88' lang='lat' dir='ltr'>adhuc</span> <span class='ocrx_word' id='word_1_21' title='bbox 809 266 850 297; x_wconf 80' lang='lat' dir='ltr'>dc</span> <span class='ocrx_word' id='word_1_22' title='bbox 864 264 1016 298; x_wconf 77' lang='lat' dir='ltr'>Christo:</span> <span class='ocrx_word' id='word_1_23' title='bbox 1041 263 1191 307; x_wconf 79' lang='lat' dir='ltr'>„quia&#39;)</span> 
     </span>
     <span class='ocr_line' id='line_1_5' title="bbox 66 326 1190 372; baseline -0.003 -12"><span class='ocrx_word' id='word_1_24' title='bbox 66 328 159 362; x_wconf 79' lang='lat' dir='ltr'>Deus</span> <span class='ocrx_word' id='word_1_25' title='bbox 182 326 319 360; x_wconf 86' lang='lat' dir='ltr'>deduxit</span> <span class='ocrx_word' id='word_1_26' title='bbox 341 338 418 359; x_wconf 86' lang='lat' dir='ltr'>eum</span> <span class='ocrx_word' id='word_1_27' title='bbox 445 339 481 358; x_wconf 86' lang='lat' dir='ltr'>ex</span> <span class='ocrx_word' id='word_1_28' title='bbox 506 326 705 372; x_wconf 72' lang='lat' dir='ltr'>Aegypto:“</span> <span class='ocrx_word' id='word_1_29' title='bbox 737 327 831 370; x_wconf 86' lang='lat' dir='ltr'>quod</span> <span class='ocrx_word' id='word_1_30' title='bbox 853 326 887 358; x_wconf 84' lang='lat' dir='ltr'>iu</span> <span class='ocrx_word' id='word_1_31' title='bbox 915 338 956 358; x_wconf 83' lang='lat' dir='ltr'>eo</span> <span class='ocrx_word' id='word_1_32' title='bbox 981 326 1190 369; x_wconf 74' lang='lat' dir='ltr'>completum</span> 
     </span>
     <span class='ocr_line' id='line_1_6' title="bbox 66 386 1193 432; baseline -0.003 -11"><span class='ocrx_word' id='word_1_33' title='bbox 66 389 211 427; x_wconf 83' lang='lat' dir='ltr'>videtur,</span> <span class='ocrx_word' id='word_1_34' title='bbox 234 386 294 420; x_wconf 90' lang='lat' dir='ltr'>ubi</span> <span class='ocrx_word' id='word_1_35' title='bbox 316 396 395 431; x_wconf 82' lang='lat' dir='ltr'>post</span> <span class='ocrx_word' id='word_1_36' title='bbox 417 396 564 420; x_wconf 82' lang='lat' dir='ltr'>mortem</span> <span class='ocrx_word' id='word_1_37' title='bbox 588 387 736 421; x_wconf 83' lang='lat' dir='ltr'>Herodis</span> <span class='ocrx_word' id='word_1_38' title='bbox 758 396 936 420; x_wconf 72' lang='lat' dir='ltr'>revocatur</span> <span class='ocrx_word' id='word_1_39' title='bbox 959 387 1002 419; x_wconf 87' lang='lat' dir='ltr'>de</span> <span class='ocrx_word' id='word_1_40' title='bbox 1026 387 1193 432; x_wconf 68' lang='lat' dir='ltr'>Aegypto,</span> 
     </span>
     <span class='ocr_line' id='line_1_7' title="bbox 65 446 1191 493; baseline -0.004 -10"><span class='ocrx_word' id='word_1_41' title='bbox 65 459 97 483; x_wconf 83' lang='lat' dir='ltr'>et</span> <span class='ocrx_word' id='word_1_42' title='bbox 128 448 278 489; x_wconf 74' lang='lat' dir='ltr'>designat</span> <span class='ocrx_word' id='word_1_43' title='bbox 306 448 527 490; x_wconf 83' lang='lat' dir='ltr'>Evangelium</span> <span class='ocrx_word' id='word_1_44' title='bbox 562 448 693 482; x_wconf 87' lang='lat' dir='ltr'>dicens:</span> <span class='ocrx_word' id='word_1_45' title='bbox 739 460 806 487; x_wconf 88' lang='lat' dir='ltr'>„ex</span> <span class='ocrx_word' id='word_1_46' title='bbox 820 447 858 492; x_wconf 88' lang='lat'>²)</span> <span class='ocrx_word' id='word_1_47' title='bbox 889 449 1040 493; x_wconf 81' lang='lat' dir='ltr'>Aegypto</span> <span class='ocrx_word' id='word_1_48' title='bbox 1075 446 1191 480; x_wconf 82' lang='lat' dir='ltr'>vocavi</span> 
     </span>
     <span class='ocr_line' id='line_1_8' title="bbox 63 508 1191 554; baseline -0.001 -12"><span class='ocrx_word' id='word_1_49' title='bbox 63 509 169 543; x_wconf 85' lang='lat' dir='ltr'>filium</span> <span class='ocrx_word' id='word_1_50' title='bbox 200 514 347 543; x_wconf 87' lang='lat' dir='ltr'>mcum.“</span> <span class='ocrx_word' id='word_1_51' title='bbox 394 509 464 553; x_wconf 83' lang='lat' dir='ltr'>Qui</span> <span class='ocrx_word' id='word_1_52' title='bbox 495 522 605 543; x_wconf 81' lang='lat' dir='ltr'>sermo</span> <span class='ocrx_word' id='word_1_53' title='bbox 639 508 842 554; x_wconf 84' lang='lat' dir='ltr'>quibusdam</span> <span class='ocrx_word' id='word_1_54' title='bbox 875 521 913 541; x_wconf 82' lang='lat' dir='ltr'>ex</span> <span class='ocrx_word' id='word_1_55' title='bbox 944 508 1114 541; x_wconf 87' lang='lat' dir='ltr'>hocloco</span> <span class='ocrx_word' id='word_1_56' title='bbox 1140 521 1191 541; x_wconf 80' lang='lat' dir='ltr'>as-</span> 
     </span>
     <span class='ocr_line' id='line_1_9' title="bbox 61 569 1191 612; baseline 0 -9"><span class='ocrx_word' id='word_1_57' title='bbox 61 579 190 604; x_wconf 80' lang='lat' dir='ltr'>sumtus</span> <span class='ocrx_word' id='word_1_58' title='bbox 213 569 354 610; x_wconf 78' lang='lat' dir='ltr'>videtur,</span> <span class='ocrx_word' id='word_1_59' title='bbox 380 579 412 603; x_wconf 81' lang='lat' dir='ltr'>et</span> <span class='ocrx_word' id='word_1_60' title='bbox 424 571 612 612; x_wconf 82' lang='lat' dir='ltr'>Evangeliis</span> <span class='ocrx_word' id='word_1_61' title='bbox 635 570 790 611; x_wconf 80' lang='lat' dir='ltr'>insertus,</span> <span class='ocrx_word' id='word_1_62' title='bbox 815 569 885 602; x_wconf 88' lang='lat' dir='ltr'>aliis</span> <span class='ocrx_word' id='word_1_63' title='bbox 910 579 1021 603; x_wconf 85' lang='lat' dir='ltr'>autem</span> <span class='ocrx_word' id='word_1_64' title='bbox 1042 571 1084 602; x_wconf 81' lang='lat' dir='ltr'>de</span> <span class='ocrx_word' id='word_1_65' title='bbox 1101 569 1191 603; x_wconf 78' lang='lat' dir='ltr'>Osee</span> 
     </span>
     <span class='ocr_line' id='line_1_10' title="bbox 59 630 1191 675; baseline 0 -12"><span class='ocrx_word' id='word_1_66' title='bbox 59 631 236 675; x_wconf 81' lang='lat' dir='ltr'>propheta.</span> <span class='ocrx_word' id='word_1_67' title='bbox 282 631 398 665; x_wconf 88' lang='lat' dir='ltr'>Potest</span> <span class='ocrx_word' id='word_1_68' title='bbox 420 641 531 665; x_wconf 87' lang='lat' dir='ltr'>autem</span> <span class='ocrx_word' id='word_1_69' title='bbox 557 641 588 665; x_wconf 84' lang='lat' dir='ltr'>et</span> <span class='ocrx_word' id='word_1_70' title='bbox 610 633 797 665; x_wconf 85' lang='lat' dir='ltr'>secundum</span> <span class='ocrx_word' id='word_1_71' title='bbox 822 630 1018 672; x_wconf 84' lang='lat' dir='ltr'>allegoriam</span> <span class='ocrx_word' id='word_1_72' title='bbox 1040 630 1191 673; x_wconf 76' lang='lat' dir='ltr'><strong>intelligi,</strong></span> 
     </span>
     <span class='ocr_line' id='line_1_11' title="bbox 62 691 1192 739; baseline -0.001 -15"><span class='ocrx_word' id='word_1_73' title='bbox 62 691 152 736; x_wconf 86' lang='lat' dir='ltr'>quia,</span> <span class='ocrx_word' id='word_1_74' title='bbox 175 702 395 737; x_wconf 81' lang='lat' dir='ltr'>posteaquam</span> <span class='ocrx_word' id='word_1_75' title='bbox 420 693 509 729; x_wconf 82' lang='lat' dir='ltr'>venit</span> <span class='ocrx_word' id='word_1_76' title='bbox 531 695 574 726; x_wconf 81' lang='lat' dir='ltr'>ad</span> <span class='ocrx_word' id='word_1_77' title='bbox 590 695 778 739; x_wconf 81' lang='lat' dir='ltr'>Aegyptum</span> <span class='ocrx_word' id='word_1_78' title='bbox 798 691 919 725; x_wconf 85' lang='lat' dir='ltr'>mundi</span> <span class='ocrx_word' id='word_1_79' title='bbox 943 692 1053 737; x_wconf 88' lang='lat' dir='ltr'>hujus,</span> <span class='ocrx_word' id='word_1_80' title='bbox 1078 692 1192 725; x_wconf 78' lang='lat' dir='ltr'>eduxit</span> 
     </span>
     <span class='ocr_line' id='line_1_12' title="bbox 64 752 1191 798; baseline 0 -12"><span class='ocrx_word' id='word_1_81' title='bbox 64 767 140 786; x_wconf 87' lang='lat' dir='ltr'>eum</span> <span class='ocrx_word' id='word_1_82' title='bbox 164 763 270 798; x_wconf 85' lang='lat' dir='ltr'>pater,</span> <span class='ocrx_word' id='word_1_83' title='bbox 294 763 327 786; x_wconf 84' lang='lat' dir='ltr'>et</span> <span class='ocrx_word' id='word_1_84' title='bbox 345 753 497 787; x_wconf 80' lang='lat' dir='ltr'>assumsit</span> <span class='ocrx_word' id='word_1_85' title='bbox 512 755 552 787; x_wconf 87' lang='lat' dir='ltr'>ad</span> <span class='ocrx_word' id='word_1_86' title='bbox 568 755 810 798; x_wconf 83' lang='lat' dir='ltr'>semetipsum,</span> <span class='ocrx_word' id='word_1_87' title='bbox 834 762 870 786; x_wconf 89' lang='lat' dir='ltr'>ut</span> <span class='ocrx_word' id='word_1_88' title='bbox 893 752 978 785; x_wconf 83' lang='lat' dir='ltr'>viam</span> <span class='ocrx_word' id='word_1_89' title='bbox 1005 754 1131 786; x_wconf 74' lang='lat' dir='ltr'>faceret</span> <span class='ocrx_word' id='word_1_90' title='bbox 1142 753 1191 792; x_wconf 81' lang='lat' dir='ltr'>iis.</span> 
     </span>
     <span class='ocr_line' id='line_1_13' title="bbox 61 813 1190 861; baseline -0.001 -14"><span class='ocrx_word' id='word_1_91' title='bbox 61 814 119 859; x_wconf 90' lang='lat' dir='ltr'>qui</span> <span class='ocrx_word' id='word_1_92' title='bbox 144 816 186 847; x_wconf 86' lang='lat' dir='ltr'>de</span> <span class='ocrx_word' id='word_1_93' title='bbox 210 815 363 861; x_wconf 81' lang='lat' dir='ltr'>Aegypto</span> <span class='ocrx_word' id='word_1_94' title='bbox 389 813 508 847; x_wconf 82' lang='lat' dir='ltr'>mundi</span> <span class='ocrx_word' id='word_1_95' title='bbox 532 814 639 860; x_wconf 64' lang='lat' dir='ltr'>hujus&gt;</span> <span class='ocrx_word' id='word_1_96' title='bbox 656 814 848 848; x_wconf 81' lang='lat' dir='ltr'>adscensuri</span> <span class='ocrx_word' id='word_1_97' title='bbox 879 822 974 847; x_wconf 75' lang='lat' dir='ltr'>erant</span> <span class='ocrx_word' id='word_1_98' title='bbox 998 816 1040 847; x_wconf 86' lang='lat' dir='ltr'>ad</span> <span class='ocrx_word' id='word_1_99' title='bbox 1065 814 1190 847; x_wconf 86' lang='lat' dir='ltr'>Deum.</span> 
     </span>
     <span class='ocr_line' id='line_1_14' title="bbox 61 874 1188 921; baseline 0.001 -13"><span class='ocrx_word' id='word_1_100' title='bbox 61 875 125 916; x_wconf 89' lang='lat' dir='ltr'>„Et</span> <span class='ocrx_word' id='word_1_101' title='bbox 140 876 176 920; x_wconf 81' lang='lat'>³)</span> <span class='ocrx_word' id='word_1_102' title='bbox 207 877 313 918; x_wconf 80' lang='lat' dir='ltr'>gloria</span> <span class='ocrx_word' id='word_1_103' title='bbox 343 875 517 908; x_wconf 78' lang='lat' dir='ltr'>unicornis</span> <span class='ocrx_word' id='word_1_104' title='bbox 548 874 652 921; x_wconf 82' lang='lat' dir='ltr'>ejus.“</span> <span class='ocrx_word' id='word_1_105' title='bbox 699 875 826 909; x_wconf 87' lang='lat' dir='ltr'>Omnia</span> <span class='ocrx_word' id='word_1_106' title='bbox 858 875 946 908; x_wconf 78' lang='lat' dir='ltr'>enim</span> <span class='ocrx_word' id='word_1_107' title='bbox 981 876 1188 909; x_wconf 76' lang='lat' dir='ltr'>daemonum</span> 
     </span>
     <span class='ocr_line' id='line_1_15' title="bbox 60 924 1188 982; baseline 0 -12"><span class='ocrx_word' id='word_1_108' title='bbox 60 949 160 979; x_wconf 86' lang='lat' dir='ltr'>regna</span> <span class='ocrx_word' id='word_1_109' title='bbox 186 935 342 982; x_wconf 79' lang='lat' dir='ltr'>dejiciens</span> <span class='ocrx_word' id='word_1_110' title='bbox 367 935 537 977; x_wconf 79' lang='lat' dir='ltr'>Christus,</span> <span class='ocrx_word' id='word_1_111' title='bbox 569 950 677 970; x_wconf 88' lang='lat' dir='ltr'>unum</span> <span class='ocrx_word' id='word_1_112' title='bbox 707 924 807 970; x_wconf 78' lang='lat' dir='ltr'>suurn</span> <span class='ocrx_word' id='word_1_113' title='bbox 837 949 997 978; x_wconf 83' lang='lat' dir='ltr'>regnum,</span> <span class='ocrx_word' id='word_1_114' title='bbox 1026 947 1188 981; x_wconf 83' lang='lat' dir='ltr'>tanquam</span> 
     </span>
     <span class='ocr_line' id='line_1_16' title="bbox 59 997 1190 1043; baseline 0 -13"><span class='ocrx_word' id='word_1_115' title='bbox 59 997 131 1033; x_wconf 81' lang='lat' dir='ltr'>veri</span> <span class='ocrx_word' id='word_1_116' title='bbox 151 997 335 1038; x_wconf 75' lang='lat' dir='ltr'>unicornis,</span> <span class='ocrx_word' id='word_1_117' title='bbox 359 997 512 1030; x_wconf 70' lang='lat' dir='ltr'>fundavit</span> <span class='ocrx_word' id='word_1_118' title='bbox 534 997 569 1031; x_wconf 81' lang='lat' dir='ltr'>‘in</span> <span class='ocrx_word' id='word_1_119' title='bbox 594 999 710 1041; x_wconf 82' lang='lat' dir='ltr'>gloria.</span> <span class='ocrx_word' id='word_1_120' title='bbox 743 998 862 1031; x_wconf 84' lang='lat' dir='ltr'>Cornu</span> <span class='ocrx_word' id='word_1_121' title='bbox 887 998 977 1031; x_wconf 83' lang='lat' dir='ltr'>enim</span> <span class='ocrx_word' id='word_1_122' title='bbox 1002 1011 1065 1043; x_wconf 87' lang='lat' dir='ltr'>pro</span> <span class='ocrx_word' id='word_1_123' title='bbox 1085 1011 1190 1040; x_wconf 79' lang='lat' dir='ltr'>regno</span> 
     </span>
     <span class='ocr_line' id='line_1_17' title="bbox 57 1057 1190 1103; baseline -0.001 -11"><span class='ocrx_word' id='word_1_124' title='bbox 57 1071 156 1103; x_wconf 83' lang='lat' dir='ltr'>saepe</span> <span class='ocrx_word' id='word_1_125' title='bbox 181 1058 359 1092; x_wconf 82' lang='lat' dir='ltr'>docuimus</span> <span class='ocrx_word' id='word_1_126' title='bbox 382 1057 562 1092; x_wconf 76' lang='lat' dir='ltr'>nominari.</span> <span class='ocrx_word' id='word_1_127' title='bbox 608 1058 815 1102; x_wconf 74' lang='lat' dir='ltr'>‚,Edet,··⁴)</span> <span class='ocrx_word' id='word_1_128' title='bbox 841 1058 970 1103; x_wconf 83' lang='lat' dir='ltr'>inquit,</span> <span class='ocrx_word' id='word_1_129' title='bbox 1001 1060 1044 1092; x_wconf 82' lang='lat' dir='ltr'>de</span> <span class='ocrx_word' id='word_1_130' title='bbox 1068 1060 1190 1092; x_wconf 82' lang='lat' dir='ltr'>eodem</span> 
     </span>
     <span class='ocr_line' id='line_1_18' title="bbox 60 1119 1190 1160; baseline 0 -8"><span class='ocrx_word' id='word_1_131' title='bbox 60 1120 171 1152; x_wconf 78' lang='lat' dir='ltr'>adhuc</span> <span class='ocrx_word' id='word_1_132' title='bbox 195 1119 319 1159; x_wconf 88' lang='lat' dir='ltr'>dicens,</span> <span class='ocrx_word' id='word_1_133' title='bbox 342 1128 454 1160; x_wconf 79' lang='lat' dir='ltr'>gentes</span> <span class='ocrx_word' id='word_1_134' title='bbox 477 1119 715 1159; x_wconf 80' lang='lat' dir='ltr'>„inimicorum</span> <span class='ocrx_word' id='word_1_135' title='bbox 731 1133 882 1159; x_wconf 84' lang='lat' dir='ltr'>suorum,</span> <span class='ocrx_word' id='word_1_136' title='bbox 907 1129 938 1152; x_wconf 82' lang='lat' dir='ltr'>et</span> <span class='ocrx_word' id='word_1_137' title='bbox 957 1119 1190 1153; x_wconf 75' lang='lat' dir='ltr'>crassitudines</span> 
     </span>
     <span class='ocr_line' id='line_1_19' title="bbox 61 1179 1186 1225; baseline 0.001 -12"><span class='ocrx_word' id='word_1_138' title='bbox 61 1193 180 1214; x_wconf 80' lang='lat' dir='ltr'>eorum</span> <span class='ocrx_word' id='word_1_139' title='bbox 206 1180 457 1213; x_wconf 79' lang='lat' dir='ltr'>emedullabit.“</span> <span class='ocrx_word' id='word_1_140' title='bbox 505 1179 641 1222; x_wconf 75' lang='lat' dir='ltr'>Gentes,</span> <span class='ocrx_word' id='word_1_141' title='bbox 666 1181 728 1220; x_wconf 82' lang='lat' dir='ltr'>ait,</span> <span class='ocrx_word' id='word_1_142' title='bbox 752 1194 833 1225; x_wconf 83' lang='lat' dir='ltr'>quas</span> <span class='ocrx_word' id='word_1_143' title='bbox 855 1180 983 1214; x_wconf 80' lang='lat' dir='ltr'>inimici</span> <span class='ocrx_word' id='word_1_144' title='bbox 1008 1180 1058 1213; x_wconf 83' lang='lat' dir='ltr'>sui</span> <span class='ocrx_word' id='word_1_145' title='bbox 1082 1180 1186 1224; x_wconf 81' lang='lat' dir='ltr'>possi-</span> 
     </span>
     <span class='ocr_line' id='line_1_20' title="bbox 60 1240 1190 1286; baseline 0.001 -13"><span class='ocrx_word' id='word_1_146' title='bbox 60 1242 196 1281; x_wconf 79' lang='lat' dir='ltr'>debant,</span> <span class='ocrx_word' id='word_1_147' title='bbox 219 1240 290 1286; x_wconf 86' lang='lat' dir='ltr'>ipse</span> <span class='ocrx_word' id='word_1_148' title='bbox 313 1243 399 1281; x_wconf 83' lang='lat' dir='ltr'>edet,</span> <span class='ocrx_word' id='word_1_149' title='bbox 424 1243 591 1275; x_wconf 83' lang='lat' dir='ltr'>destructa</span> <span class='ocrx_word' id='word_1_150' title='bbox 606 1240 726 1274; x_wconf 87' lang='lat' dir='ltr'>virtute</span> <span class='ocrx_word' id='word_1_151' title='bbox 745 1241 884 1282; x_wconf 87' lang='lat' dir='ltr'>inimici,</span> <span class='ocrx_word' id='word_1_152' title='bbox 909 1251 942 1275; x_wconf 77' lang='lat' dir='ltr'>et</span> <span class='ocrx_word' id='word_1_153' title='bbox 955 1243 1190 1275; x_wconf 78' lang='lat' dir='ltr'>crassitudines</span> 
     </span>
     <span class='ocr_line' id='line_1_21' title="bbox 60 1302 1189 1347; baseline 0 -12"><span class='ocrx_word' id='word_1_154' title='bbox 60 1315 178 1335; x_wconf 87' lang='lat' dir='ltr'>eorum</span> <span class='ocrx_word' id='word_1_155' title='bbox 203 1302 433 1342; x_wconf 82' lang='lat' dir='ltr'>emedullabit,</span> <span class='ocrx_word' id='word_1_156' title='bbox 447 1303 483 1347; x_wconf 70' lang='lat'>⁵)</span> <span class='ocrx_word' id='word_1_157' title='bbox 504 1316 580 1336; x_wconf 90' lang='lat' dir='ltr'>cum</span> <span class='ocrx_word' id='word_1_158' title='bbox 607 1315 744 1335; x_wconf 81' lang='lat' dir='ltr'>omnem</span> <span class='ocrx_word' id='word_1_159' title='bbox 770 1303 812 1335; x_wconf 81' lang='lat' dir='ltr'>de</span> <span class='ocrx_word' id='word_1_160' title='bbox 826 1302 867 1336; x_wconf 82' lang='lat' dir='ltr'>iis</span> <span class='ocrx_word' id='word_1_161' title='bbox 884 1315 1019 1335; x_wconf 84' lang='lat' dir='ltr'>sensum</span> <span class='ocrx_word' id='word_1_162' title='bbox 1043 1313 1189 1335; x_wconf 79' lang='lat' dir='ltr'>erassum</span> 
     </span>
     <span class='ocr_line' id='line_1_22' title="bbox 60 1362 1189 1408; baseline -0.001 -11"><span class='ocrx_word' id='word_1_163' title='bbox 60 1373 92 1397; x_wconf 85' lang='lat' dir='ltr'>et</span> <span class='ocrx_word' id='word_1_164' title='bbox 116 1364 284 1396; x_wconf 77' lang='lat' dir='ltr'>carnalem</span> <span class='ocrx_word' id='word_1_165' title='bbox 310 1373 480 1404; x_wconf 81' lang='lat' dir='ltr'>extenuat,</span> <span class='ocrx_word' id='word_1_166' title='bbox 505 1374 536 1397; x_wconf 84' lang='lat' dir='ltr'>et</span> <span class='ocrx_word' id='word_1_167' title='bbox 559 1364 724 1397; x_wconf 78' lang='lat' dir='ltr'>convertit</span> <span class='ocrx_word' id='word_1_168' title='bbox 748 1365 790 1396; x_wconf 81' lang='lat' dir='ltr'>ad</span> <span class='ocrx_word' id='word_1_169' title='bbox 813 1363 1067 1406; x_wconf 66' lang='lat' dir='ltr'>intelligentiam</span> <span class='ocrx_word' id='word_1_170' title='bbox 1090 1362 1189 1408; x_wconf 78' lang='lat' dir='ltr'>spiri-</span> 
     </span>
     <span class='ocr_line' id='line_1_23' title="bbox 58 1423 1190 1469; baseline -0.001 -12"><span class='ocrx_word' id='word_1_171' title='bbox 58 1425 193 1458; x_wconf 77' lang='lat' dir='ltr'>tualem.</span> <span class='ocrx_word' id='word_1_172' title='bbox 228 1423 334 1468; x_wconf 84' lang='lat' dir='ltr'>Quod</span> <span class='ocrx_word' id='word_1_173' title='bbox 359 1434 471 1458; x_wconf 76' lang='lat' dir='ltr'>autem</span> <span class='ocrx_word' id='word_1_174' title='bbox 497 1426 682 1458; x_wconf 84' lang='lat' dir='ltr'>crassitudo</span> <span class='ocrx_word' id='word_1_175' title='bbox 708 1424 922 1469; x_wconf 73' lang='lat' dir='ltr'>culpabiliter</span> <span class='ocrx_word' id='word_1_176' title='bbox 945 1424 980 1457; x_wconf 87' lang='lat' dir='ltr'>in</span> <span class='ocrx_word' id='word_1_177' title='bbox 1007 1424 1190 1469; x_wconf 74' lang='lat' dir='ltr'>Sci-ipturis</span> 
     </span>
     <span class='ocr_line' id='line_1_24' title="bbox 59 1478 1191 1531; baseline 0 -13"><span class='ocrx_word' id='word_1_178' title='bbox 59 1486 233 1525; x_wconf 81' lang='lat' dir='ltr'>habeatur,</span> <span class='ocrx_word' id='word_1_179' title='bbox 254 1485 383 1519; x_wconf 84' lang='lat' dir='ltr'>indicio</span> <span class='ocrx_word' id='word_1_180' title='bbox 409 1488 472 1519; x_wconf 76' lang='lat' dir='ltr'>erit</span> <span class='ocrx_word' id='word_1_181' title='bbox 493 1478 592 1527; x_wconf 45' lang='lat' dir='ltr'>illud{</span> <span class='ocrx_word' id='word_1_182' title='bbox 615 1486 708 1531; x_wconf 74' lang='lat' dir='ltr'>quod</span> <span class='ocrx_word' id='word_1_183' title='bbox 732 1485 894 1530; x_wconf 84' lang='lat' dir='ltr'>scriptum</span> <span class='ocrx_word' id='word_1_184' title='bbox 919 1495 980 1519; x_wconf 75' lang='lat' dir='ltr'>est:</span> <span class='ocrx_word' id='word_1_185' title='bbox 1005 1485 1191 1527; x_wconf 75' lang='lat' dir='ltr'>„incrassa-</span> 
     </span>
     <span class='ocr_line' id='line_1_25' title="bbox 58 1546 1191 1594; baseline -0.002 -13"><span class='ocrx_word' id='word_1_186' title='bbox 58 1556 130 1581; x_wconf 86' lang='lat' dir='ltr'>tum</span> <span class='ocrx_word' id='word_1_187' title='bbox 143 1546 180 1591; x_wconf 85' lang='lat'>⁶)</span> <span class='ocrx_word' id='word_1_188' title='bbox 211 1556 259 1580; x_wconf 80' lang='lat' dir='ltr'>est</span> <span class='ocrx_word' id='word_1_189' title='bbox 282 1561 343 1581; x_wconf 89' lang='lat' dir='ltr'>cor</span> <span class='ocrx_word' id='word_1_190' title='bbox 364 1548 488 1594; x_wconf 79' lang='lat' dir='ltr'>populi</span> <span class='ocrx_word' id='word_1_191' title='bbox 511 1547 642 1594; x_wconf 81' lang='lat' dir='ltr'>hujus.“</span> <span class='ocrx_word' id='word_1_192' title='bbox 689 1547 733 1580; x_wconf 86' lang='lat' dir='ltr'>Et</span> <span class='ocrx_word' id='word_1_193' title='bbox 758 1546 853 1581; x_wconf 83' lang='lat' dir='ltr'>alibi:</span> <span class='ocrx_word' id='word_1_194' title='bbox 889 1547 1053 1588; x_wconf 79' lang='lat' dir='ltr'>„satiatus</span> <span class='ocrx_word' id='word_1_195' title='bbox 1067 1546 1102 1591; x_wconf 88' lang='lat'>⁷)</span> <span class='ocrx_word' id='word_1_196' title='bbox 1133 1555 1191 1585; x_wconf 85' lang='lat' dir='ltr'>est,</span> 
     </span>
     <span class='ocr_line' id='line_1_26' title="bbox 62 1608 1190 1650; baseline -0.001 -10"><span class='ocrx_word' id='word_1_197' title='bbox 62 1616 94 1641; x_wconf 79' lang='lat' dir='ltr'>et</span> <span class='ocrx_word' id='word_1_198' title='bbox 125 1608 322 1642; x_wconf 77' lang='lat' dir='ltr'>incrassatus</span> <span class='ocrx_word' id='word_1_199' title='bbox 354 1619 418 1649; x_wconf 82' lang='lat' dir='ltr'>est,</span> <span class='ocrx_word' id='word_1_200' title='bbox 456 1619 488 1642; x_wconf 87' lang='lat' dir='ltr'>et</span> <span class='ocrx_word' id='word_1_201' title='bbox 518 1609 739 1642; x_wconf 77' lang='lat' dir='ltr'>recalcitravit</span> <span class='ocrx_word' id='word_1_202' title='bbox 771 1608 943 1642; x_wconf 80' lang='lat' dir='ltr'>dilectus.“</span> <span class='ocrx_word' id='word_1_203' title='bbox 988 1608 1078 1641; x_wconf 84' lang='lat' dir='ltr'>Edet</span> <span class='ocrx_word' id='word_1_204' title='bbox 1110 1620 1190 1650; x_wconf 82' lang='lat' dir='ltr'>ergo</span> 
     </span>
     <span class='ocr_line' id='line_1_27' title="bbox 62 1668 1191 1716; baseline -0.001 -15"><span class='ocrx_word' id='word_1_205' title='bbox 62 1678 193 1709; x_wconf 82' lang='lat' dir='ltr'>gentes,</span> <span class='ocrx_word' id='word_1_206' title='bbox 219 1678 252 1702; x_wconf 84' lang='lat' dir='ltr'>et</span> <span class='ocrx_word' id='word_1_207' title='bbox 277 1669 390 1703; x_wconf 86' lang='lat' dir='ltr'>cibum</span> <span class='ocrx_word' id='word_1_208' title='bbox 416 1671 555 1704; x_wconf 82' lang='lat' dir='ltr'>habebit</span> <span class='ocrx_word' id='word_1_209' title='bbox 579 1683 654 1710; x_wconf 85' lang='lat' dir='ltr'>eos,</span> <span class='ocrx_word' id='word_1_210' title='bbox 679 1670 736 1716; x_wconf 88' lang='lat' dir='ltr'>qui</span> <span class='ocrx_word' id='word_1_211' title='bbox 761 1671 903 1703; x_wconf 72' lang='lat' dir='ltr'>credunt</span> <span class='ocrx_word' id='word_1_212' title='bbox 925 1670 960 1703; x_wconf 86' lang='lat' dir='ltr'>in</span> <span class='ocrx_word' id='word_1_213' title='bbox 985 1681 1081 1710; x_wconf 81' lang='lat' dir='ltr'>eum,</span> <span class='ocrx_word' id='word_1_214' title='bbox 1106 1668 1191 1702; x_wconf 74' lang='lat' dir='ltr'>sicut</span> 
     </span>
    </p>
   </div>
   <div class='ocr_carea' id='block_1_3' title="bbox 63 1729 1189 1780">
    <p class='ocr_par' dir='ltr' id='par_1_4' title="bbox 63 1729 1189 1780">
     <span class='ocr_line' id='line_1_28' title="bbox 63 1729 1189 1780; baseline 0 -18"><span class='ocrx_word' id='word_1_215' title='bbox 63 1739 95 1762; x_wconf 79' lang='lat' dir='ltr'>et</span> <span class='ocrx_word' id='word_1_216' title='bbox 117 1731 188 1775; x_wconf 86' lang='lat' dir='ltr'>ipse</span> <span class='ocrx_word' id='word_1_217' title='bbox 213 1731 294 1764; x_wconf 76' lang='lat' dir='ltr'>dicit</span> <span class='ocrx_word' id='word_1_218' title='bbox 315 1731 350 1764; x_wconf 88' lang='lat' dir='ltr'>in</span> <span class='ocrx_word' id='word_1_219' title='bbox 373 1731 577 1773; x_wconf 77' lang='lat' dir='ltr'>Evangelio:</span> <span class='ocrx_word' id='word_1_220' title='bbox 610 1745 726 1780; x_wconf 74' lang='lat' dir='ltr'>„ruens</span> <span class='ocrx_word' id='word_1_221' title='bbox 741 1731 779 1776; x_wconf 81' lang='lat'>⁸)</span> <span class='ocrx_word' id='word_1_222' title='bbox 804 1732 897 1765; x_wconf 81' lang='lat' dir='ltr'>cibus</span> <span class='ocrx_word' id='word_1_223' title='bbox 921 1745 933 1764; x_wconf 77' lang='lat' dir='ltr'>t</span> <span class='ocrx_word' id='word_1_224' title='bbox 960 1740 987 1771; x_wconf 81' lang='lat' dir='ltr'>t,</span> <span class='ocrx_word' id='word_1_225' title='bbox 1011 1740 1047 1764; x_wconf 74' lang='lat' dir='ltr'>ut</span> <span class='ocrx_word' id='word_1_226' title='bbox 1071 1729 1189 1763; x_wconf 74' lang='lat' dir='ltr'>faciam</span> 
     </span>
    </p>
   </div>
   <div class='ocr_carea' id='block_1_4' title="bbox 155 1901 1189 2057">
    <p class='ocr_par' dir='ltr' id='par_1_5' title="bbox 155 1901 1180 2057">
     <span class='ocr_line' id='line_1_29' title="bbox 157 1901 522 1945; baseline 0 -9"><span class='ocrx_word' id='word_1_227' title='bbox 157 1902 191 1945; x_wconf 85' lang='lat'>¹)</span> <span class='ocrx_word' id='word_1_228' title='bbox 215 1904 317 1936; x_wconf 89' lang='lat' dir='ltr'>Num.</span> <span class='ocrx_word' id='word_1_229' title='bbox 341 1901 468 1941; x_wconf 85' lang='lat' dir='ltr'><strong>XXIV,</strong></span> <span class='ocrx_word' id='word_1_230' title='bbox 490 1902 522 1936; x_wconf 88' lang='grc'>8.</span> 
     </span>
     <span class='ocr_line' id='line_1_30' title="bbox 155 1957 997 2000; baseline 0.004 -10"><span class='ocrx_word' id='word_1_231' title='bbox 155 1957 192 2000; x_wconf 75' lang='lat'>2)</span> <span class='ocrx_word' id='word_1_232' title='bbox 215 1958 335 1992; x_wconf 87' lang='lat' dir='ltr'>Matth.</span> <span class='ocrx_word' id='word_1_233' title='bbox 360 1957 408 1997; x_wconf 87' lang='lat' dir='ltr'>ll,</span> <span class='ocrx_word' id='word_1_234' title='bbox 433 1959 485 1991; x_wconf 88' lang='lat'>15.</span> <span class='ocrx_word' id='word_1_235' title='bbox 512 1957 590 1991; x_wconf 80' lang='lat' dir='ltr'>coll.</span> <span class='ocrx_word' id='word_1_236' title='bbox 616 1957 699 1990; x_wconf 85' lang='lat' dir='ltr'>Hos.</span> <span class='ocrx_word' id='word_1_237' title='bbox 725 1958 795 1998; x_wconf 85' lang='lat' dir='ltr'>XI,</span> <span class='ocrx_word' id='word_1_238' title='bbox 818 1960 848 1993; x_wconf 88' lang='lat'>1.</span> <span class='ocrx_word' id='word_1_239' title='bbox 994 1979 997 1982; x_wconf 80' lang='lat'><em>,</em></span> 
     </span>
     <span class='ocr_line' id='line_1_31' title="bbox 155 2012 1189 2057; baseline 0.002 -12"><span class='ocrx_word' id='word_1_240' title='bbox 155 2012 192 2057; x_wconf 76' lang='grc'>3)</span> <span class='ocrx_word' id='word_1_241' title='bbox 217 2014 317 2046; x_wconf 90' lang='lat' dir='ltr'>Num.</span> <span class='ocrx_word' id='word_1_242' title='bbox 344 2013 470 2053; x_wconf 87' lang='lat' dir='ltr'>XXIV,</span> <span class='ocrx_word' id='word_1_243' title='bbox 493 2013 526 2048; x_wconf 96' lang='grc'>8.</span> <span class='ocrx_word' id='word_1_244' title='bbox 551 2033 592 2039; x_wconf 90' lang='lat'><em>-</em></span> <span class='ocrx_word' id='word_1_245' title='bbox 618 2013 706 2047; x_wconf 84' lang='lat' dir='ltr'>Edd.</span> <span class='ocrx_word' id='word_1_246' title='bbox 731 2013 782 2049; x_wconf 83' lang='lat' dir='ltr'>M.</span> <span class='ocrx_word' id='word_1_247' title='bbox 807 2023 839 2047; x_wconf 87' lang='lat' dir='ltr'>et</span> <span class='ocrx_word' id='word_1_248' title='bbox 864 2014 903 2047; x_wconf 91' lang='lat' dir='ltr'>R.</span> <span class='ocrx_word' id='word_1_249' title='bbox 927 2015 994 2047; x_wconf 91' lang='lat' dir='ltr'>hoc</span> <span class='ocrx_word' id='word_1_250' title='bbox 1017 2015 1108 2054; x_wconf 88' lang='lat' dir='ltr'>loco</span> <span class='ocrx_word' id='word_1_251' title='bbox 1131 2015 1189 2047; x_wconf 75' lang='lat' dir='ltr'>err.</span> 
     </span>
    </p>
   </div>
   <div class='ocr_carea' id='block_1_5' title="bbox 62 2058 719 2104">
    <p class='ocr_par' dir='ltr' id='par_1_6' title="bbox 62 2058 719 2104">
     <span class='ocr_line' id='line_1_32' title="bbox 62 2058 719 2104; baseline 0.002 -13"><span class='ocrx_word' id='word_1_252' title='bbox 62 2071 138 2102; x_wconf 82' lang='lat' dir='ltr'>pag.</span> <span class='ocrx_word' id='word_1_253' title='bbox 152 2059 228 2092; x_wconf 79' lang='grc'>213.</span> <span class='ocrx_word' id='word_1_254' title='bbox 253 2068 326 2091; x_wconf 89' lang='lat' dir='ltr'>not.</span> <span class='ocrx_word' id='word_1_255' title='bbox 341 2061 371 2092; x_wconf 92' lang='lat'>3.</span> <span class='ocrx_word' id='word_1_256' title='bbox 398 2058 593 2097; x_wconf 76' lang='lat' dir='ltr'>„unicornis</span> <span class='ocrx_word' id='word_1_257' title='bbox 617 2058 697 2104; x_wconf 80' lang='lat' dir='ltr'>ejus.</span> <span class='ocrx_word' id='word_1_258' title='bbox 701 2064 719 2078; x_wconf 89' lang='lat'>“</span> 
     </span>
    </p>
   </div>
   <div class='ocr_carea' id='block_1_6' title="bbox 156 2113 1192 2269">
    <p class='ocr_par' dir='ltr' id='par_1_7' title="bbox 156 2113 1192 2269">
     <span class='ocr_line' id='line_1_33' title="bbox 156 2113 1192 2158; baseline 0.001 -12"><span class='ocrx_word' id='word_1_259' title='bbox 156 2113 192 2155; x_wconf 72' lang='lat'>⁴)</span> <span class='ocrx_word' id='word_1_260' title='bbox 217 2114 318 2147; x_wconf 77' lang='lat' dir='ltr'>Num.</span> <span class='ocrx_word' id='word_1_261' title='bbox 343 2113 470 2155; x_wconf 81' lang='lat' dir='ltr'>XXIV,</span> <span class='ocrx_word' id='word_1_262' title='bbox 493 2114 526 2148; x_wconf 84' lang='grc'>8,</span> <span class='ocrx_word' id='word_1_263' title='bbox 633 2114 668 2158; x_wconf 74' lang='lat'>⁶)</span> <span class='ocrx_word' id='word_1_264' title='bbox 694 2114 780 2148; x_wconf 86' lang='lat' dir='ltr'>Edd.</span> <span class='ocrx_word' id='word_1_265' title='bbox 805 2113 962 2147; x_wconf 68' lang='lat' dir='ltr'>Merliniz</span> <span class='ocrx_word' id='word_1_266' title='bbox 985 2115 1192 2148; x_wconf 78' lang='lat' dir='ltr'>medullabit.</span> 
     </span>
     <span class='ocr_line' id='line_1_34' title="bbox 156 2169 1094 2213; baseline 0.003 -12"><span class='ocrx_word' id='word_1_267' title='bbox 156 2169 193 2212; x_wconf 58' lang='grc' dir='ltr'>ὅ)</span> <span class='ocrx_word' id='word_1_268' title='bbox 218 2169 291 2202; x_wconf 86' lang='lat' dir='ltr'>Act.</span> <span class='ocrx_word' id='word_1_269' title='bbox 315 2169 482 2210; x_wconf 89' lang='lat' dir='ltr'>XXVIII,</span> <span class='ocrx_word' id='word_1_270' title='bbox 504 2170 558 2204; x_wconf 85' lang='lat'>27.</span> <span class='ocrx_word' id='word_1_271' title='bbox 679 2169 715 2213; x_wconf 81' lang='lat'>⁷)</span> <span class='ocrx_word' id='word_1_272' title='bbox 740 2171 840 2203; x_wconf 82' lang='lat' dir='ltr'>Dent.</span> <span class='ocrx_word' id='word_1_273' title='bbox 866 2170 1016 2210; x_wconf 78' lang='lat' dir='ltr'>XXXH,</span> <span class='ocrx_word' id='word_1_274' title='bbox 1041 2170 1094 2204; x_wconf 88' lang='lat'>15.</span> 
     </span>
     <span class='ocr_line' id='line_1_35' title="bbox 158 2224 584 2269; baseline 0 -11"><span class='ocrx_word' id='word_1_275' title='bbox 158 2224 194 2269; x_wconf 71' lang='grc'>8)</span> <span class='ocrx_word' id='word_1_276' title='bbox 217 2224 279 2258; x_wconf 86' lang='lat' dir='ltr'>Ev.</span> <span class='ocrx_word' id='word_1_277' title='bbox 303 2226 429 2259; x_wconf 87' lang='lat' dir='ltr'>Joann.</span> <span class='ocrx_word' id='word_1_278' title='bbox 456 2225 512 2265; x_wconf 81' lang='lat' dir='ltr'>lv,</span> <span class='ocrx_word' id='word_1_279' title='bbox 531 2226 584 2260; x_wconf 77' lang='grc'>34,</span> 
     </span>
    </p>
   </div>
  </div>
 </body>
</html>
