1427 2460
237 78 304 115 140
716 78 894 113 Omemus

234 168 364 212 genitus
388 167 459 212 ejus
483 177 547 207 cst,
582 169 624 200 de
648 180 717 211 quo
741 169 903 214 scriptum
929 180 992 210 cst,
1027 169 1106 213 quia
1130 171 1319 210 „extollitur
1334 173 1366 216 ')

233 243 336 274 super
360 241 473 267 omne,
498 229 592 272 quod
616 228 739 262 dicitur
761 232 875 270 Deus,
900 240 957 263 aut
981 231 1074 275 quod
1100 231 1238 265 colitur:
1261 231 1308 266 ita
1331 243 1369 265 ut

233 291 269 324 in
298 291 428 334 templo
462 289 530 322 Dei
560 290 693 330 sedeat,
732 300 903 325 ostentans
927 305 963 324 se
985 301 1148 337 tanquam
1178 293 1221 327 sit
1242 293 1368 327 Deus.“

236 352 358 385 Omnis
397 363 496 392 ergo,
530 350 588 395 qui
624 351 729 384 elatus
762 362 808 385 est
833 362 865 385 et
889 354 1073 397 superbus,
1117 356 1168 388 vcl
1199 355 1288 388 filius
1320 365 1370 389 est

234 413 313 447 elati
338 413 454 458 liujus,
479 413 531 445 vel
556 412 741 457 discipulus
774 422 808 446 ct
839 413 996 447 imitator.
1043 415 1087 448 Et
1110 427 1290 462 propterea
1316 417 1367 450 di—

232 477 276 509 cit
300 477 486 520 Apostolus
511 475 553 508 de
577 475 745 519 quodam:
781 474 894 519 „ne²)
924 477 1012 510 forte
1047 479 1151 513 elatus
1182 479 1310 512 incidat
1332 480 1367 513 in

232 535 399 581 judicium
424 529 591 569 diabbli:“
618 537 797 570 ostendens
820 549 883 580 per
906 537 990 577 hoc,
1023 540 1107 583 quia.
1125 541 1237 574 omnis
1261 541 1367 575 elatus

233 597 342 637 simili,
366 607 403 630 ut
428 597 595 638 diabolus,
619 597 748 643 judicio
774 599 1069 634 condemnabitur.
1116 603 1186 636 Nos
1208 615 1287 643 ergo
1311 617 1367 637 su-

232 674 318 700 muS‚
345 659 402 703 qui
425 660 567 693 transire
592 661 746 692 volumus
770 674 832 704 per
858 661 949 694 hunc
973 650 1159 702 mundum,
1189 672 1226 695 ut
1249 676 1367 707 pervc-

232 721 305 754 nire
343 721 510 766 possimus
535 723 577 754 ad
609 730 731 754 terram
763 731 931 761 sanctam,
970 736 1057 767 quae
1086 713 1289 768 repromissa
1320 734 1370 758 est

232 784 367 816 sanctis:
395 792 425 815 ct
448 782 612 816 mittimus
637 784 745 816 verbis
768 783 916 828 pacificis
942 785 984 817 ad
999 784 1102 826 Seon,
1122 786 1368 830 promittentes,

232 858 305 877 non
329 858 392 877 nus
416 842 627 878 habitaturos
651 846 685 878 in
710 855 798 878 terra
822 845 902 891 ejus,
926 859 990 879 nec
1005 857 1199 880 moraturos
1219 861 1297 881 cum
1315 862 1368 889 eo,

231 907 290 939 sed
316 906 514 941 transituros
537 908 798 946 tantummodo,
827 917 858 940 ct
882 908 1069 940 incessuros
1093 908 1144 942 via
1168 910 1280 952 regali,
1305 923 1368 943 nce

232 968 462 1001 declinaturos
485 982 647 1013 usquam,
670 982 782 1014 neque
805 969 839 1001 in
865 983 1000 1011 agrum,
1030 983 1142 1013 neque
1165 970 1201 1002 in
1225 970 1370 1011 vineam,

232 1030 291 1062 scd
314 1043 378 1062 nee
403 1031 445 1062 de
469 1030 546 1063 lacu
582 1030 652 1076 ejus
683 1044 806 1075 aquam
840 1030 1016 1064 bibituros.
1055 1031 1254 1065 'Videamus
1278 1046 1369 1075 crgo,

232 1093 371 1134 quaudo
396 1104 458 1124 nos
482 1092 541 1124 ista
567 1092 806 1136 promisimus,
830 1094 970 1135 quando
995 1092 1079 1125 haec
1102 1094 1204 1126 verba
1228 1085 1368 1127 diab⁰olo

233 1152 514 1186 denuntiavimus.
572 1152 787 1185 Recordetur
824 1153 1057 1197 unusquisque
1085 1155 1369 1193 fidelium‚‘cum

233 1217 381 1259 primum
414 1214 504 1247 veuit
539 1216 583 1247 ad
614 1228 718 1258 aquas
751 1214 926 1259 baptismi,
965 1228 1043 1247 cum
1079 1214 1251 1257 signacula
1291 1216 1371 1249 fidei

232 1277 342 1320 prima
366 1275 521 1319 suscepit,
546 1286 579 1308 ct
603 1277 645 1308 ad
670 1278 801 1309 fontem
827 1276 979 1309 salutaris
1005 1277 1152 1317 accessit,
1177 1277 1300 1322 quibus
1322 1277 1371 1311 ibi

233 1348 314 1370 tunc
334 1352 411 1371 usus
434 1337 473 1370 sit
489 1337 609 1378 verbis,
635 1347 666 1370 et
689 1338 771 1381 quid
787 1338 1041 1370 denunciaverit
1055 1338 1090 1382 3)
1115 1339 1272 1373 diaholo:
1297 1352 1368 1372 nou

232 1415 267 1433 st:
290 1413 430 1432 usurum
454 1399 590 1443 pompis
616 1398 695 1443 ejus,
720 1412 831 1442 neque
855 1400 1017 1443 operibus
1041 1399 1128 1445 ejus,
1159 1412 1271 1443 neque
1296 1401 1372 1434 ullis

234 1462 377 1495 omniuo
401 1460 542 1494 servitiis
567 1460 637 1504 ejus
662 1474 699 1491 ae
725 1461 954 1504 voluptatibus
977 1461 1178 1505 pariturum.
1234 1462 1278 1494 Et
1303 1462 1370 1494 hoc

233 1534 297 1563 est,
323 1524 416 1567 quod
444 1522 494 1554 his
507 1521 543 1565 4)
578 1521 657 1563 legis
681 1521 895 1554 sermonibus
921 1523 1162 1562 adumbratur,
1196 1523 1274 1567 quia
1298 1536 1370 1559 non

233 1585 379 1618 declinet
401 1584 517 1622 Israel,
554 1596 665 1626 nuque
700 1583 735 1615 in
767 1596 883 1623 agrum
921 1583 1010 1627 ejus,
1045 1597 1158 1628 neque
1180 1584 1216 1617 in
1238 1585 1370 1618 vineam

235 1646 315 1692 ejus.
372 1645 441 1678 Sed
472 1657 583 1688 neque
617 1657 741 1688 aquam
774 1646 814 1676 de
840 1645 916 1677 lacu
941 1644 1011 1688 ejus
1035 1645 1218 1689 pollicetur
1241 1660 1276 1679 se
1302 1660 1371 1680 esse

236 1718 442 1754 potaturum.
498 1707 578 1738 Non
614 1705 703 1738 enim
728 1706 815 1738 ultra
841 1706 1039 1751 disciplinae
1063 1707 1273 1747 diabolicae,
1297 1721 1370 1741 non

232 1770 451 1810 astrologiae,
486 1781 559 1800 nun
584 1768 753 1808 magicae,
783 1781 855 1807 non
880 1767 981 1801 ullius
1006 1768 1152 1802 omnino
1183 1769 1369 1811 doctrinae,

232 1832 319 1876 quae
344 1839 461 1864 contra
486 1829 553 1861 Dei
577 1829 735 1873 pietatem
758 1829 885 1873 aliquid
912 1820 1050 1868 doceat,
1075 1831 1239 1874 poculum
1262 1841 1373 1864 sumet

234 1893 352 1926 fidelis.
409 1891 523 1924 Habet
555 1890 646 1923 enim
682 1904 761 1924 suos
792 1892 922 1929 sontes,
963 1900 996 1923 et
1027 1891 1115 1925 bibit
1146 1893 1189 1925 de
1219 1892 1372 1926 sontibus
1416 1911 1427 1935 ,κ

233 1955 350 1993 lsrael,
388 1953 474 1986 bibit
505 1954 548 1985 (le
579 1952 731 1985 fontibus
762 1951 931 1986 salutaris:
967 1966 1040 1985 non
1073 1952 1160 1986 bibit
1182 1967 1304 1998 aquam
1329 1956 1373 1987 de

232 2015 310 2048 lacu
335 2016 439 2055 Seon,
462 2027 526 2047 nec
550 2014 745 2059 relinquens
774 2015 907 2048 sontem
937 2026 1045 2058 aquae
1080 2013 1174 2049 vivae
1196 2026 1374 2059 congregat
1414 2035 1421 2063 ,¹

330 2154 364 2195 ¹)
389 2154 418 2184 ll
445 2153 559 2187 Thess.
584 2155 626 2194 ΙΙ,
651 2157 682 2188 4.
778 2155 815 2198 ²)
839 2155 854 2186 Ι
880 2154 969 2187 Tim.
996 2154 1055 2194 III,
1079 2154 1111 2188 6.

330 2209 365 2251 ³)
390 2208 452 2241 Ed.
479 2209 586 2242 Ruaei
610 2211 699 2243 sola:
725 2209 979 2244 renuntiaverit.

329 2263 366 2307 4)
390 2264 480 2297 Edd.
505 2265 660 2298 Merlini:
683 2265 733 2298 iis.
