1427 2460
349 72 385 95 m
410 62 587 93 Nummos
613 57 773 91 nomm
791 58 867 94 XV,
1114 59 1180 93 179

47 165 123 185 cum
155 150 332 184 animabus
361 149 538 195 justorum.
600 146 769 191 suscipiet
807 147 896 180 enim
938 147 972 180 in
1005 161 1040 181 se
1075 149 1178 182 fidem

49 212 184 253 Christi,
209 212 254 246 ita
277 221 314 244 ut
338 219 370 244 et
392 208 455 254 ipsi
479 209 609 242 dicant:
643 208 721 253 „qui
739 208 771 253 ¹)
803 209 839 241 in
865 208 998 242 Christo
1022 209 1180 254 baptizati

47 287 172 318 sumus,
194 273 229 306 in
253 281 363 305 morte
385 271 488 315 ipsius
510 269 670 314 baptizati
691 282 816 303 sumus.
866 269 1064 315 Consepulti
1088 271 1179 304 enim

46 347 161 368 sumus
185 333 235 366 illi
257 345 319 377 per
341 331 546 376 baptismum
578 330 614 363 in
645 336 789 364 morte.¹‘
842 331 888 364 Et
912 332 1051 364 iterum:
1083 333 1178 377 ,‚si²)

792 396 811 411 ‘²
850 392 894 424 Et
916 393 962 425 sic
982 406 1059 426 vere
1085 407 1178 426 com-

47 395 137 427 enim
161 393 417 432 commorimur,
442 400 474 424 et
498 391 790 433 conregnabimus.

46 454 194 499 plebitur
223 453 473 496 intelligibi1i3)
507 452 664 493 Balaam,
702 463 739 486 ut
770 453 935 486 moriatur
964 453 1075 487 anima
1108 454 1179 499 ejus

45 516 134 548 inter
157 515 286 548 animas
310 513 488 559 justorum.
537 514 643 557 Quod
659 522 771 547 autem
795 513 889 547 dicit:
914 523 973 555 „ut
987 514 1022 559 4)
1048 517 1104 549 fiat
1126 529 1177 549 se-

45 588 124 608 men
148 589 263 608 meum
287 575 373 608 sicut
396 589 511 609 semen
544 573 711 620 justorum
723 578 754 608 :“
785 564 947 620 posset5)
980 577 1117 620 quidem
1149 587 1180 610 et

46 638 88 669 de
112 637 172 670 illo
197 636 336 670 Balaam
362 635 519 678 intelligi,
552 638 741 669 secundum
772 637 859 676 hoc,
890 639 984 680 quod
1009 639 1096 680 magi
1121 638 1181 678 illi,

46 698 106 742 qui
129 699 172 730 de
197 699 328 731 oriente
352 698 520 731 venientes
552 696 655 741 primi
683 698 827 730 adorare
858 707 1021 731 venerunt
1052 699 1179 741 Jesum,

47 761 91 792 de
114 759 241 792 semine
266 758 337 804 ejus
362 771 430 791 esse
455 758 648 799 videantur,
681 759 748 792 sive
770 772 832 804 per
854 760 1100 792 successionem
1125 773 1180 802 ge—

45 820 152 860 neris,
180 821 247 853 sive
277 833 340 865 per
366 819 563 864 disciplinae
592 820 821 854 traditionem.
876 820 1059 854 Evidenter
1091 821 1180 855 enim

47 890 178 915 constat
202 881 280 914 illos
303 881 475 923 agnovisse
498 882 648 922 stellam,
681 895 782 927 quam
806 883 1018 927 praedixerat
1039 882 1179 917 Balaam

47 943 210 976 orituram
233 941 269 975 in
292 943 412 986 Israel,
438 951 471 975 et
493 943 539 976 sic
563 942 708 984 venisse,
739 952 771 976 et
794 945 950 977 adorasse
973 956 1097 986 regern,
1122 946 1180 991 qui

45 1014 143 1037 natus
177 1012 225 1036 est
258 1003 294 1037 in
323 1003 437 1037 Israel.
484 1003 672 1037 Conveniet
701 1013 817 1037 tamen
842 1014 874 1037 et
897 1006 1030 1050 populo
1055 1007 1104 1039 illi
1129 1021 1179 1041 se-

47 1066 199 1098 cundum
231 1078 284 1105 ea,
315 1078 402 1109 quae
427 1078 529 1110 supra
560 1065 714 1100 diximus.
771 1067 852 1100 Non
884 1066 974 1099 enim
1006 1076 1075 1100 tam
1106 1068 1180 1113 ipsi,

48 1140 150 1171 quam
174 1139 289 1160 semen
313 1139 434 1158 eorum
459 1126 624 1159 efficietur
653 1128 738 1161 sicut
768 1140 884 1161 semen
907 1125 1096 1173 justorum,
1121 1143 1180 1163 eo—

47 1201 126 1220 rum
149 1187 293 1226 scilicet,
322 1186 381 1231 qui
414 1187 587 1220 credentes
616 1183 702 1229 exfi)
733 1185 885 1226 gentibus
908 1188 943 1221 in
968 1188 1102 1223 Christo
1126 1191 1179 1236 ju-

49 1248 182 1282 stificati
205 1256 294 1281 sunt.
340 1248 444 1281 Unde
466 1247 684 1281 manifestum
710 1256 777 1287 est,
800 1248 896 1292 quia,
924 1250 1011 1283 sicut
1034 1253 1183 1297 Aposto-

45 1309 99 1342 lus
123 1308 221 1342 dicit:
252 1309 437 1353 ,‚neque⁷)
469 1307 680 1342 circumcisio
706 1308 835 1352 aliquid
860 1319 924 1349 est,
946 1324 1057 1356 neque
1081 1328 1180 1359 prae-

46 1370 192 1415 putium,
216 1369 275 1402 sed
299 1369 394 1410 fides,
417 1382 504 1414 quae
527 1382 590 1414 per
614 1368 787 1403 caritatem
813 1377 1007 1415 operatur.“
1045 1374 1087 1408 Et
1100 1376 1179 1410 ideo

47 1443 151 1463 nemo
177 1439 234 1464 aut
259 1430 526 1464 circumcisionis
549 1430 748 1475 antiquitate
772 1445 807 1464 se
830 1431 939 1476 jactet,
962 1444 1019 1468 aut
1037 1434 1072 1468 in
1085 1450 1184 1481 prae-

47 1491 134 1537 putii
157 1492 307 1526 novitate
337 1491 509 1534 glorietur.
563 1492 633 1526 Sed
662 1501 700 1525 ut
733 1494 919 1538 Apostolus
949 1496 1048 1529 dicit:
1079 1512 1183 1543 „pro-

48 1552 155 1598 bet⁸)
179 1553 413 1598 unusquisque
438 1567 524 1598 opus
546 1566 656 1594 suum,
681 1563 712 1586 et
736 1562 818 1587 tunc
836 1554 872 1588 in
891 1566 997 1590 semet
1019 1557 1094 1603 ipso
1109 1568 1183 1592 tan·-

47 1623 121 1647 tum
151 1614 294 1656 gloriam
325 1614 495 1648 habebit.“
557 1614 614 1648 Sic
645 1615 794 1660 denique
830 1617 997 1662 propheta
1039 1619 1183 1664 dicit:⁹)

52 1687 142 1716 ecce,
165 1676 294 1716 homo,
326 1684 358 1708 et
383 1689 470 1721 opus
494 1674 580 1722 ejus,
613 1685 645 1709 et
668 1689 797 1711 merces
820 1677 857 1711 in
891 1689 1074 1725 conspectu
1106 1681 1182 1714 Do—

146 1851 182 1896 ι)
207 1851 277 1884 Cfr.
301 1850 402 1884 Rom.
427 1849 485 1890 VI,
508 1851 540 1882 3.
563 1849 595 1882 4.
622 1849 700 1882 coll.
725 1851 802 1884 edd.
825 1851 866 1883 N.
891 1851 929 1885 T.

145 1907 183 1950 ²)
209 1907 280 1939 Csr.
305 1906 338 1938 II
362 1905 451 1938 Tim.
474 1904 516 1945 II,
539 1905 592 1937 11.
618 1904 671 1937 12.

144 1962 182 2006 3)
206 1962 295 1995 Edd.
320 1961 477 1994 Merlini:
501 1959 650 2000 intelligi.
748 1960 784 2005 ⁴)
809 1961 910 1995 Num.
933 1963 1063 2002 XXIH,
1089 1967 1132 1996 10

145 2018 182 2061 ⁵)
204 2018 294 2051 Edd.
320 2015 475 2049 Merlini:
500 2016 614 2060 possit.

145 2073 183 2116 ὅ)
207 2073 247 2104 In
272 2081 370 2105 antea
395 2070 492 2105 editis
515 2071 562 2115 (v.
589 2085 616 2104 c.
643 2072 720 2104 edd.
744 2071 814 2115 M.)
838 2073 960 2106 desunt
981 2074 1102 2106 verba:
1126 2087 1185 2113 „ex

53 2119 240 2160 gentibus‚·‘
264 2131 351 2161 quae
373 2117 574 2161 supplentur
599 2130 616 2150 e
641 2117 731 2154 Cod,
757 2116 966 2163 Corbejensi.
988 2118 1031 2154 R.

150 2173 186 2216 ’7)
213 2173 322 2207 Galat.
346 2174 387 2213 V,
411 2173 444 2209 6.
539 2172 577 2215 8)
604 2171 713 2205 Galat.
739 2173 797 2213 Vl,
823 2173 854 2206 4.

147 2229 183 2270 ⁹)
208 2229 309 2262 Jesai.
335 2229 440 2268 LXII,
473 2232 524 2264 11.

856 2291 929 2324 12*
