1427 2460
198 76 266 111 246
685 74 864 108 OR1GEMS

202 165 390 200 concubitu
419 179 535 200 semen
569 164 886 198 exterminabitur.“
935 164 1062 198 Omnia
1095 178 1176 208 ergo
1206 176 1343 211 peccata

201 228 264 262 filii
288 237 365 261 sunt
395 227 563 266 adulterii,
600 236 632 260 et
662 226 723 260 filii
753 226 998 260 fornicationis.
1047 227 1150 261 Unde
1175 237 1206 261 et
1230 238 1344 262 osten-

202 289 312 329 ditur,
348 291 444 333 quod
467 303 530 334 per
562 291 692 331 singula
726 301 900 333 quaeque,
937 302 1025 333 quae
1055 290 1218 330 gerimus,
1256 291 1346 335 parit

204 351 315 384 anima
345 361 476 391 nostra,
509 361 540 384 et
574 359 711 393 generat
742 350 850 388 filios,
886 364 1000 384 sensus
1031 351 1160 384 scilieet
1183 360 1216 384 et
1239 365 1346 397 opera

205 426 294 458 quae
317 413 409 455 gerit.
455 413 500 446 Et
522 413 548 446 si
574 413 714 458 quidem
737 412 928 446 secundum
952 412 1061 454 legem
1088 422 1145 453 est,
1171 415 1266 458 quod
1290 426 1346 457 ge-

203 474 266 515 rit,
300 485 330 508 et
361 476 551 509 secundum
581 477 724 508 verbum
749 474 833 514 Dei,
863 474 1020 518 spiritum
1042 475 1132 520 parit
1154 475 1286 516 salutis,
1315 485 1348 509 et

203 547 385 581 propterea
406 537 589 571 salvabitur
611 551 674 582 pei·
697 537 847 570 filiorum
866 537 1129 579 generationem,
1153 547 1185 571 et
1200 538 1251 571 isti
1269 547 1347 572 sunt

203 599 282 639 filii,
308 601 351 632 de
374 599 497 644 quibus
520 599 690 644 propheta
717 599 814 633 dicit:
845 598 929 639 „filii
944 598 979 642 ¹)
1011 591 1059 631 tui
1082 598 1168 632 sicut
1190 600 1348 633 novellae

205 661 370 694 olivarum
402 662 438 694 in
469 662 611 695 circuitu
643 674 781 694 mensae
804 665 912 693 tuae.“
960 660 997 694 Si
1021 673 1122 701 vero,
1151 662 1247 705 quod
1272 662 1348 704 agit,

207 733 324 756 contra
357 724 464 765 legem
498 732 561 764 est,
597 733 627 756 et
651 732 828 767 peccatum
854 731 910 762 est,
933 722 1006 756 sine
1029 723 1138 756 dubio
1165 736 1204 756 ex
1223 736 1348 756 conce-

203 785 323 829 ptione
353 786 514 819 contrarii
544 785 681 830 spiritus
705 785 888 826 malignam
912 785 1072 818 sobolem
1096 784 1208 827 gignit.
1256 785 1350 818 Parit

206 846 296 880 enim
327 847 415 880 filios
447 848 587 892 peccati.
640 847 684 880 Et
719 849 799 881 istae
827 856 906 880 sunt
928 847 1134 880 maledictae
1156 847 1347 890 generatio-

205 921 276 948 nes,
298 909 334 942 in
361 910 484 953 quibus
510 923 526 941 a
551 909 728 944 nonnullis
742 919 941 943 sanctorum
958 907 1222 953 maledicitur2)
1245 909 1346 942 etiam

208 970 294 1010 dies,
325 971 362 1003 in
393 984 462 1015 quo
496 971 565 1004 nati
589 980 675 1005 sunt.
722 972 909 1016 Nunquam
933 979 980 1003 est
1004 982 1083 1012 ergo
1108 971 1258 1015 quando·
1274 984 1348 1004 non

204 1033 316 1077 pariat
338 1033 459 1066 anima.
511 1032 631 1065 Anima
656 1045 790 1077 semper
813 1033 910 1077 parit,
933 1045 1068 1077 semper
1091 1040 1228 1073 generat
1247 1031 1348 1066 filios.
1366 1047 1377 1054 s

207 1095 276 1128 Sed
309 1095 366 1127 illa
397 1095 536 1139 quidem
566 1095 744 1127 benedicta
770 1094 940 1136 generatio
967 1103 1030 1133 est,
1063 1106 1151 1138 quae
1175 1094 1218 1127 de
1240 1095 1347 1127 verbo

205 1156 273 1190 Dei
308 1164 473 1200 concepta
509 1165 697 1198 generatur,
737 1165 769 1189 et
800 1157 862 1189 ista
899 1166 947 1189 est
977 1156 1132 1188 filiorum
1162 1146 1347 1198 generatio,

205 1231 268 1263 per
293 1231 394 1263 quam
419 1219 508 1252 salva
533 1219 599 1251 fiet.
648 1217 684 1251 Si
709 1228 840 1257 autem,
864 1226 903 1250 ut
926 1217 1088 1256 diximus,
1113 1229 1150 1249 ex
1174 1217 1347 1250 contrario

204 1279 322 1325 spiritu
346 1280 536 1324 concipiat,
567 1287 698 1312 certum
724 1290 782 1320 est,
807 1279 884 1324 quia
908 1278 1020 1324 pariat
1042 1278 1131 1312 filios
1153 1279 1226 1313 irae
1249 1288 1347 1324 aptos

204 1343 249 1375 ad
282 1341 467 1375 interitum.
525 1341 569 1374 Et
605 1342 693 1374 forte
732 1343 775 1374 ad
814 1351 974 1385 utrasque
1005 1340 1082 1374 istas
1115 1340 1348 1383 generationes

205 1402 339 1436 animae
369 1402 504 1447 respicit
532 1401 638 1442 illud,
676 1404 771 1448 quod
803 1402 932 1436 dictum
967 1411 1029 1435 est:
1062 1415 1172 1443 „cum
1186 1402 1224 1447 3)
1256 1402 1347 1436 enim

203 1466 361 1498 nondum
386 1465 455 1498 nati
479 1465 635 1505 fuissent,
668 1474 724 1496 aut
748 1463 876 1508 aliquid
903 1464 1045 1506 egissent
1067 1463 1152 1497 boni
1179 1465 1232 1497 vel
1255 1464 1349 1504 mali,

203 1535 242 1560 ut
272 1527 489 1571 propositum
521 1526 608 1566 Dei,
637 1526 732 1571 quod
762 1527 952 1559 secundum
984 1524 1188 1558 electionem
1218 1526 1348 1559 factum

205 1597 262 1628 est,
287 1597 433 1628 maneat,
455 1601 528 1620 non
545 1601 582 1620 ex
600 1587 772 1633 operibus,
796 1588 855 1621 sed
873 1600 910 1621 ex
926 1596 1079 1627 vocante,
1103 1587 1234 1620 dictum
1251 1591 1346 1622 est:“

204 1649 336 1694 ‚,‚‚quia
374 1649 486 1695 major
515 1649 635 1682 serviet
669 1650 871 1682 minori:““
910 1649 1024 1688 „sicut
1055 1648 1222 1693 scriptum
1253 1653 1346 1683 est:“

203 1736 222 1751 ,‚
232 1712 365 1752 „Jacob
391 1710 501 1751 dilexi,
526 1711 614 1744 Esau
634 1721 746 1744 autem
761 1711 843 1744 odio
858 1710 1020 1745 habui.““
1055 1711 1142 1744 Istae
1157 1711 1249 1744 enim
1264 1711 1346 1744 tales

204 1774 438 1816 generationes
464 1774 597 1807 animae
632 1773 751 1813 etiam,
780 1774 979 1819 priusquam
1011 1773 1140 1807 faciant
1167 1773 1255 1806 boni
1286 1773 1348 1806 ali-

204 1835 298 1879 quid,
322 1834 491 1879 siquidem
516 1848 553 1868 ex
576 1845 694 1868 sancto
720 1835 840 1880 spiritu
864 1843 1042 1878 generatae
1065 1844 1154 1874 sunt,
1176 1832 1246 1878 jam
1271 1834 1347 1868 dili-

205 1905 337 1937 guntur.
385 1895 423 1930 Si
453 1909 532 1930 vero
571 1910 609 1930 ex
648 1897 767 1942 spiritu
799 1897 967 1940 maligno,
1008 1897 1108 1930 etiam
1144 1896 1344 1940 priusquam

206 1970 309 2001 opere
332 1958 496 2002 impleant
520 1958 647 2002 aliquid
673 1959 765 1999 mali,
789 1959 855 1993 hoc
875 1959 950 2004 ipso
967 1968 1092 1997 tamen,
1117 1958 1212 2001 quod
1229 1957 1346 2003 hujus-

299 2106 333 2148 Ι>
357 2107 480 2140 psalm.
508 2109 699 2150 cxxvm,
723 2111 753 2144 3.
780 2109 993 2154 (cxxvfl.)

295 2161 332 2204 2)
359 2162 427 2196 Cfr.
451 2163 532 2197 Job.
558 2165 616 2204 III,
643 2169 671 2201 1.
697 2179 789 2211 seqq.
817 2166 894 2197 coll.
919 2164 1045 2197 Jerem.
1069 2163 1150 2204 XX,
1174 2163 1226 2197 14.

205 2263 277 2294 lach
297 2217 333 2293 3Ι)
359 2217 460 2297 3⁰3}
487 2219 545 2257 IX'
572 2220 713 2255 11—13·
741 2222 818 2254 con,
847 2219 968 2254 Genes.
993 2219 1106 2257 xxv,
1128 2219 1186 2254 23.
1212 2228 1243 2252 et
1266 2217 1343 2251 Ma-

1424 2213 1427 2234 ς

1424 2245 1427 2274 4

1425 2404 1427 2460 l
