1427 2460
374 57 411 82 m
435 47 614 80 Nummos
638 44 798 79 ΗοΜιιιΑ
823 44 884 77 ΧΙ.
1139 45 1206 81 103

65 139 268 177 immolatus
292 146 341 171 est
365 135 525 170 Christus.
572 135 683 169 Simili
713 136 821 168 modo
854 133 1002 167 invenies
1037 132 1135 167 etiam
1161 135 1203 167 de

75 199 212 246 azymis,
243 208 275 231 et
305 199 347 232 de
377 197 494 231 ceteris
524 198 686 231 festorum
713 196 843 230 dierum
871 195 1087 229 observantiis
1118 195 1199 228 scri-

74 269 180 305 ptum.
212 259 302 303 Quia
322 271 402 301 ergo
423 259 506 292 haec
521 258 636 292 omnia
657 259 720 293 sub
742 258 820 300 legis
836 259 933 292 titulo
951 256 1144 290 scribuntur
1165 256 1200 288 in

73 323 145 363 lege
166 319 358 358 necessaria,
384 319 461 364 quia
492 320 544 352 lex
572 333 635 364 per
663 329 874 365 praesentem
906 319 1066 352 umbram
1088 319 1200 351 futura

74 384 164 416 bona
189 382 348 423 designat,
371 380 542 426 requirere
566 382 693 422 debeo,
725 394 811 426 quae
834 381 899 415 sint
922 393 1041 425 azyma
1064 381 1199 413 futuro-

71 457 148 478 rum
161 445 353 476 bonorum:
379 452 411 476 et
433 442 569 476 invenio
590 441 756 476 dicentem
772 442 857 476 mihi
874 443 1089 487 Apostolum,
1114 441 1198 484 ut¹)

69 504 180 546 „diem
203 506 324 551 festqm
349 516 505 545 agamus,
538 517 611 537 non
640 505 676 537 in
701 505 867 538 fermento
893 503 1004 546 veteri,
1029 515 1141 548 neque
1163 502 1197 535 in

69 568 237 600 fermento
267 565 414 600 malitiae
447 574 479 599 et
501 566 688 610 nequitiae,
714 567 773 599 sed
797 566 833 599 in
858 566 980 612 azymis
1003 563 1200 599 sinceritatis

71 637 104 661 et
127 626 301 661 veritatis.“
347 627 417 660 Sed
441 636 473 660 et
496 628 539 660 de
562 627 820 661 circumcisione
843 627 1004 672 scriptum
1029 636 1092 660 est:
1116 627 1200 659 haec

71 698 120 722 est
141 689 242 733 lex2)
267 688 544 723 circumcisionis.
591 688 680 732 Quia
696 701 775 730 ergo
789 698 821 722 et
838 688 1048 722 circumcisio
1072 688 1135 721 sub
1150 688 1198 720 le-

70 750 116 792 gis
136 750 236 783 titulo
262 758 424 790 censetur,
447 751 499 783 lex
523 758 635 783 autem
650 751 772 783 umbra
793 759 851 790 est,
875 763 1014 795 quaero,
1037 742 1119 794 quid
1137 747 1200 781 cir-

70 810 283 845 cumcisionis
306 811 428 844 umbra
444 811 618 844 bonorum
635 810 805 844 contineat
818 813 1025 852 futurorum,
1048 824 1092 844 ne
1112 812 1200 844 forte

70 872 159 907 dicat
180 871 266 905 mihi
288 872 323 905 in
340 871 462 906 umbra
481 871 742 906 circumcisionis
758 872 869 917 posito
884 872 1027 906 Paulus:
1051 871 1200 917 „quia3)

68 934 96 968 si
119 932 419 973 circumcidamini,
437 932 587 967 Christus
606 933 700 967 vobis
715 934 801 966 nihil
823 933 978 978 proderit
988 938 1017 967 :⁸⁴
1042 943 1073 967 et
1095 933 1199 967 illud:

67 1009 160 1036 „nou
172 995 210 1038 ¹²)
236 995 344 1036 enim,
377 1008 464 1040 quae
488 995 522 1027 in
548 995 740 1035 manifesto,
764 995 799 1028 in
826 1008 928 1028 carne
952 1004 1000 1029 est
1024 993 1201 1029 circumci-

67 1058 129 1097 sio,
152 1058 209 1090 illa
234 1056 446 1090 circumcisio
473 1065 536 1090 est:
560 1069 672 1100 neque
698 1056 756 1101 qui
779 1056 814 1090 in
833 1057 1025 1097 manifesto,
1049 1056 1083 1088 in
1099 1067 1201 1089 carne

67 1120 218 1152 Judaeus
242 1127 300 1157 est,
323 1119 382 1152 sed
407 1118 465 1162 qui
488 1117 523 1150 in
538 1118 675 1150 occulto
693 1118 844 1151 Judaeus
865 1127 928 1150 est:
943 1117 978 1161 5)
1003 1127 1034 1150 et
1056 1117 1200 1150 circum-

70 1179 151 1213 cisio
178 1179 289 1212 cordis
311 1180 349 1213 in
372 1178 509 1223 spiritu,
532 1191 604 1212 non
628 1178 740 1211 litera:
764 1176 858 1223 cujus
882 1179 955 1211 laus
977 1192 1049 1212 non
1075 1192 1112 1212 ex
1136 1178 1199 1211 ho—

69 1240 229 1280 minibus,
252 1241 312 1273 sed
336 1253 373 1273 ex
398 1240 476 1273 Deo
503 1244 584 1273 est.“
629 1240 723 1272 Haec
748 1253 827 1282 ergo
850 1239 997 1281 singula,
1031 1253 1118 1284 quae
1139 1253 1200 1273 ne—

68 1314 239 1346 quaquam
262 1301 395 1345 penitus
418 1303 605 1334 secundum
629 1301 759 1334 literam
782 1302 991 1334 observanda
1010 1301 1090 1334 dicit
1106 1303 1199 1346 Apo-

68 1364 193 1403 stolus,
223 1362 372 1395 invenies
403 1361 518 1394 omnia
554 1363 624 1395 fere
648 1364 741 1407 apud
764 1362 886 1395 Mosen
910 1363 974 1395 sub
997 1362 1078 1403 legis
1101 1361 1200 1395 titulo

69 1423 244 1467 designari.
297 1422 376 1457 Jam
407 1435 488 1456 vero
513 1424 549 1456 in
574 1436 634 1463 eo,
666 1423 726 1456 ubi
758 1424 855 1456 dicit:
890 1437 983 1466 „non
997 1424 1033 1466 6)
1059 1422 1203 1463 occides,

66 1499 140 1520 non
163 1484 368 1520 adulterium
391 1484 509 1524 facies,
541 1498 613 1517 non
636 1483 807 1519 furaberis
817 1489 846 1517 :“
879 1494 911 1518 et
933 1485 1062 1528 reliqua
1086 1482 1203 1528 hujus*

68 1547 175 1588 modi,
197 1561 272 1580 non
294 1546 460 1586 invenies,
485 1545 648 1590 quoniam
673 1545 753 1587 legis
777 1546 813 1579 in
835 1546 872 1580 iis
896 1547 1031 1580 titulum
1055 1545 1201 1590 praemi-

67 1610 157 1650 serit,
178 1609 239 1643 sed
261 1607 364 1650 magis
389 1608 472 1641 haec
495 1608 655 1640 mandata
682 1608 852 1646 videntur,
878 1618 910 1642 et
932 1608 1011 1641 ideo
1036 1621 1109 1641 non
1133 1606 1200 1640 exi—

70 1670 206 1704 nanitur
230 1670 322 1714 apud
347 1669 531 1714 discipulos
555 1669 728 1711 Evangelii
759 1670 923 1714 scriptura
948 1669 1027 1709 ista,
1059 1669 1117 1703 sed
1141 1668 1200 1701 ad-

68 1732 246 1776 impletur:
272 1731 368 1776 quia,
391 1739 430 1763 ut
453 1729 537 1770 dixi,
574 1743 648 1764 non
671 1733 887 1771 mandatum,
919 1732 978 1764 sed
1000 1732 1052 1764 lex
1076 1731 1204 1763 habere

71 1793 193 1826 dicitur
215 1793 375 1825 umbram
398 1793 596 1825 futurorum
621 1793 812 1834 bonorum3
837 1802 870 1825 et
891 1791 970 1826 ideo
995 1793 1079 1825 haec
1102 1790 1203 1825 nobis

67 1855 257 1889 secundum
281 1853 412 1887 literam
435 1852 656 1887 custodienda
679 1863 767 1888 sunt.
818 1853 903 1887 Item
920 1853 1017 1887 alibi:
1041 1851 1155 1898 „juste,
1169 1852 1205 1895 ⁷)

170 2010 205 2053 ¹)
228 2009 243 2040 l
269 2007 351 2044 Cor.
377 2007 417 2047 V,
440 2007 471 2042 8.
567 2008 604 2052 ²)
630 2007 700 2042 Cfr.
728 2007 852 2041 Genes.
876 2008 986 2042 XVII.

162 2064 199 2108 ³)
226 2064 334 2098 Galat.
359 2064 399 2104 V,
423 2064 454 2098 2.
549 2062 584 2107 ¹²)
611 2064 713 2098 Rom.
735 2064 779 2105 Il,
801 2065 853 2100 28.
877 2063 933 2099 29.

166 2120 202 2162 5)
227 2119 450 2154 Desideratur
474 2124 563 2160 „est“
588 2120 623 2153 in
653 2122 725 2154 edd.
759 2121 806 2154 Μ.

162 2174 199 2216 ⁶)
225 2175 326 2209 Rom.
351 2176 446 2217 XIII,
468 2176 500 2210 9.

167 2233 202 2273 ⁷)
227 2231 297 2265 Cfr.
322 2232 335 2264 I
362 2232 451 2266 Tim.
476 2231 532 2270 VI,
557 2232 611 2264 Η.
