1427 2460
192 57 259 92 154
671 58 848 94 Omenms

187 161 282 182 eum:
307 147 460 193 ,‚quid¹)
483 147 639 181 homines
661 149 713 182 isti
739 159 902 183 venerunt
925 150 968 182 ad
993 149 1048 183 te?
1086 149 1130 184 Et
1154 149 1235 185 dixit
1257 151 1326 186 Ba-

186 211 274 243 laam
300 211 343 242 ad
368 209 500 242 Deum:
533 208 661 242 Balach
691 211 781 244 filius
805 211 962 256 Sephor,
996 224 1053 244 rex
1076 212 1206 256 Moab,
1234 213 1326 247 misit

187 285 246 306 cos
270 272 314 304 ad
337 284 412 311 me,
447 268 578 303 dicens:
611 284 705 312 ecce,
738 274 888 317 populus
913 273 989 307 exiit
1012 274 1056 307 de
1080 276 1254 322 Aegypto,
1292 285 1325 308 et

187 333 369 378 cooperuit
402 332 524 365 faciem
557 341 676 373 terrae,
718 343 750 366 et
785 334 840 367 hic
870 336 964 368 sedet
986 334 1078 379 juxta
1101 349 1165 369 me.
1235 335 1323 369 Veni

187 407 267 436 ergo
294 407 399 434 nunc,
423 403 455 427 et
477 394 622 427 maledic
646 395 732 428 mihi
756 408 852 437 eum,
875 395 902 429 si
925 398 1014 430 forte
1036 396 1225 441 poterimus
1247 410 1326 442 per-

186 465 302 490 cutere
327 469 424 495 eum,
457 465 488 489 et
513 454 642 502 ejicere.
697 456 741 489 Et
765 457 847 490 dixit
873 458 965 491 Deus
990 459 1034 491 ad
1058 458 1219 492 Balaam:
1253 472 1325 492 non

185 531 241 552 eas
265 531 343 551 cum
366 518 425 558 iis,
462 531 574 563 neque
599 519 781 552 maledicas
804 520 991 564 populum:
1032 531 1080 554 est
1106 520 1196 554 enim
1220 521 1326 554 bene-

186 579 327 613 dictus.“

276 643 308 677 7.
331 641 444 676 Altior
475 640 530 674 hic
566 642 716 675 exoritur
749 642 922 687 quaestio,
961 650 994 676 et
1032 641 1168 686 nescio,
1207 652 1324 676 utrum

184 704 380 744 conveniat,
415 716 487 736 rem
518 713 585 736 tam
610 703 777 748 profundi
800 704 948 751 mysterii
972 706 1157 745 denudare,
1186 714 1218 737 et
1240 718 1325 750 pro-

183 767 274 799 ferre
299 767 341 798 ad
366 766 492 805 turbas,
517 775 550 798 et
573 779 627 798 eas
651 766 784 805 turbas,
818 779 904 810 quae
929 768 972 800 ad
996 766 1206 800 auditorium
1229 766 1324 799 verbi

132 864 135 867 ¹
185 828 253 861 Dei
276 841 349 860 non
372 827 436 861 nisi
459 827 576 872 paucis
597 827 716 861 dicbus
740 828 942 868 adveniunt,
969 838 1001 861 ct
1027 828 1193 862 continuo
1219 828 1325 861 disce—

185 891 282 930 dunt,
305 902 369 922 nec
393 889 428 922 in
452 889 672 922 meditatione
698 890 792 922 verbi
822 889 890 922 Dei
923 889 1048 923 diutius
1080 890 1325 923 immorantur:

185 961 299 985 tamen
323 965 387 997 pro
413 950 462 991 iis,
488 950 544 996 qui
568 950 711 984 studiosi
735 961 822 991 sunt,
846 962 877 984 et
901 951 1067 996 sitiunt2)
1092 951 1221 997 audire,
1245 963 1325 995 pos-

184 1023 330 1057 suntque
355 1026 478 1058 capere
501 1012 712 1058 spiritualem
737 1026 881 1052 sensum,
906 1026 1015 1056 pauca
1035 1013 1147 1057 aliqua
1174 1012 1326 1046 dicemus

185 1088 223 1107 ex
247 1074 371 1108 multis.
423 1074 541 1107 Potest
572 1087 651 1116 ergo
677 1073 780 1119 objici
804 1075 870 1106 tale
894 1074 1033 1119 aliquid.
1086 1074 1227 1107 Invocct
1250 1073 1326 1106 licet

184 1139 368 1170 daemones
392 1128 543 1175 Balaam,
569 1134 750 1168 maledicat
774 1137 927 1180 populo,
962 1135 1109 1169 invocati
1141 1136 1326 1168 daemones

182 1198 318 1238 faciant,
343 1199 438 1243 quod
462 1207 620 1243 possunt:
651 1196 820 1241 numquid
851 1210 923 1229 non
948 1206 1060 1241 potest
1083 1197 1178 1230 Deus
1205 1198 1324 1230 desen-

185 1261 266 1293 dere
291 1274 309 1293 a
334 1259 560 1293 daemonibus
585 1259 772 1303 populum,
804 1258 942 1303 vimque
975 1272 1096 1292 eorum
1125 1259 1162 1302 in
1185 1259 1327 1292 malefa-

185 1322 308 1355 ciendo
333 1320 532 1354 destruere?
572 1319 667 1363 Quid
691 1333 771 1362 ergo
797 1333 882 1364 opus
915 1329 1002 1360 erat,
1044 1330 1081 1353 ut
1103 1321 1175 1364 ipse
1199 1320 1326 1352 veniret

185 1384 228 1417 ad
252 1382 412 1423 Balaam,
446 1392 477 1415 et
502 1391 682 1414 consuetos
716 1383 900 1414 daemones
930 1380 1131 1425 prohiberet
1155 1382 1327 1419 accedere,

182 1458 229 1478 ne
253 1446 304 1478 vel
328 1453 508 1483 tentarent,
533 1452 590 1476 aut
615 1452 820 1475 conaremur
843 1443 980 1475 laedere
1003 1442 1174 1486 populum
1199 1441 1325 1475 suum?

183 1509 240 1540 Ad
265 1508 348 1540 hacc
372 1519 451 1548 ergo
476 1505 557 1538 licet
580 1518 652 1538 non
679 1505 810 1545 omnia,
846 1518 933 1548 quac
964 1513 1325 1549 possuntoccurrere,

183 1570 393 1614 proferenda
417 1577 512 1607 sunt,
537 1577 650 1600 tamen
676 1567 830 1600 dicemus
855 1580 893 1599 ex
917 1575 1030 1610 parte,
1055 1565 1133 1610 quia
1158 1578 1230 1597 non
1255 1565 1324 1596 vult

183 1631 279 1664 Deus
312 1631 521 1662 daemonum
554 1642 656 1670 genus
691 1638 767 1661 ante
802 1638 937 1672 tempus
968 1628 1143 1661 damnare.
1202 1626 1324 1659 Sciunt

182 1691 273 1725 enim
300 1700 332 1724 et
355 1691 421 1736 ipsi
446 1692 640 1730 daemones,
665 1690 744 1735 quia
769 1699 903 1734 tempus
928 1702 1049 1722 eorum
1074 1701 1233 1733 praesens
1257 1688 1324 1720 hoe

182 1755 357 1787 saeculum
381 1753 541 1786 continet.
596 1751 785 1796 Propterea
804 1752 959 1802 ‘denique
987 1760 1020 1783 ct
1044 1749 1240 1783 Dominum
1265 1762 1323 1783 ro-

180 1817 316 1858 gabant,
339 1825 377 1848 ut
399 1828 472 1848 non
495 1814 717 1858 torqueret3)
743 1827 801 1847 eos
826 1823 903 1846 ante
926 1823 1078 1858 tempus,
1102 1825 1215 1856 neque
1239 1810 1325 1854 in4)

183 1879 340 1924 abyssum
372 1877 532 1910 mitteret.
586 1876 632 1908 Et
664 1876 709 1908 ob
741 1877 807 1909 hoc
831 1888 943 1919 neque
976 1875 1153 1908 diabolum
1179 1874 1323 1907 removit

183 1953 202 1972 a
232 1939 425 1984 principatu
455 1938 581 1972 saeculi
613 1937 729 1983 hujus:
766 1938 844 1982 quia
877 1937 988 1970 adhuc
1021 1950 1108 1981 opus
1141 1944 1187 1969 est
1219 1947 1323 1979 opera

183 1998 252 2045 ejus
277 2001 319 2032 ad
345 2000 591 2044 perfectionem
616 2012 754 2038 eorum,
795 2000 853 2043 qui
887 1997 1078 2031 coronandi
1102 2006 1197 2037 sunt,
1237 2009 1323 2041 opus

280 2139 314 2182 ¹)
338 2139 440 2171 Num.
466 2132 578 2179 XXII,
601 2140 735 2173 9—12‘

275 2193 312 2237 ²)
336 2194 400 2227 Ed.
425 2194 533 2227 Ruaci
557 2196 645 2228 sola:
670 2195 789 2228 sciunt.

276 2249 313 2285 ³)
337 2249 459 2282 Matth.
485 2250 576 2290 Vlll,
600 2250 653 2285 29.
751 2249 787 2292 ⁴)
812 2251 891 2283 Luc.
924 2249 1012 2289 vlu,
1037 2251 1089 2284 31.
