1427 2460
349 81 387 105 m
408 72 590 105 Nummos
614 69 776 104 HOM1L1A
792 69 856 102 XI.
1100 70 1164 105 121

45 162 170 203 „sancti
185 161 218 206 ¹)
242 170 355 201 estote,
379 160 627 205 quoniamego
652 169 785 192 sanctus
809 172 883 191 sum
897 161 925 191 :“
950 158 1030 192 dicit
1046 159 1170 192 Domi-

0 237 2 269 }
46 238 108 257 nus
132 224 234 257 Deus.
290 223 369 255 Non
401 221 565 254 continuo
598 220 784 254 similitudo
814 220 993 254 sanctitatis
1026 220 1061 253 in
1093 221 1170 253 Deo

46 294 147 329 atque
169 283 363 317 hominibus
385 284 548 328 ponenda
579 282 686 325 est.²)
739 282 794 315 De
823 281 901 314 Deo
927 281 1014 314 enim
1041 281 1173 321 dicitur,

48 346 124 391 quia
148 353 278 379 sanctus
303 353 367 384 est,
397 343 553 377 homines
578 353 708 383 autem,
742 343 835 388 quasi
865 343 922 388 qui
946 356 1018 375 non
1039 355 1173 386 semper

44 405 187 445 suerint,
210 402 371 450 jubentur
393 414 432 438 ut
454 405 537 438 fiant
558 405 673 438 sancti.
726 405 886 449 Denique
915 417 1026 437 sermo
1060 404 1114 436 hic
1138 404 1174 437 in

48 466 190 507 Graeco,
214 468 273 500 ubi
297 480 361 500 nos
384 467 565 500 habemus:
591 466 765 511 „sancti³)
799 469 942 499 estote:“
973 465 1039 498 hoc
1069 464 1174 507 magis

46 537 158 562 sonat:
182 529 306 569 „sancti
331 528 535 562 efficimini.“
583 528 651 562 Sed
675 527 782 562 nostri
816 527 1014 571 interpretes
1037 526 1175 559 indiffe-

46 598 158 622 renter
180 594 327 630 „estote“
349 603 413 634 pro
439 589 655 629 ‚‚efficimini“
677 597 876 634 posuerunt.
934 588 1176 632 Unusquisque

48 663 125 693 ergo
150 661 323 691 nostrum,
356 664 394 684 ex
420 664 488 695 quo
513 651 643 684 accedit
666 651 709 684 ad
733 650 890 684 timorem
914 649 996 689 Dei,
1035 659 1068 682 et
1092 649 1176 682 divi-

46 725 127 745 nam
151 712 270 758 recipit
291 714 326 746 in
350 725 383 746 se
408 711 618 752 doctrinam,
651 726 688 745 ex
712 725 780 756 quo
804 724 838 745 se
862 711 1066 756 mancipavit
1089 711 1179 749 Deo,

47 773 75 806 si
105 783 217 806 tamen
248 788 286 806 ex
317 773 432 806 animo
465 773 685 818 mancipavit,
720 786 758 806 ex
794 787 834 806 eo
866 781 999 807 sanctus
1022 772 1178 805 efficitur.

50 833 118 868 Sed
148 835 203 867 hic
233 835 457 868 sanctificatus
486 844 617 868 sanctus
652 834 717 868 dici
747 844 876 879 potest:
911 847 987 867 vere
1012 843 1123 866 autem
1148 842 1179 866 et

49 909 182 941 semper
209 905 342 929 sanctus
371 896 463 929 solus
493 905 541 928 est
573 897 677 929 Deus.
740 896 799 930 Vis
835 905 948 929 autem
979 895 1041 928 tibi
1072 904 1104 927 et
1136 895 1178 927 de

49 958 222 1002 scripturis
254 956 374 991 divinis
404 955 505 1002 hujus
545 956 648 1001 apicis
661 957 698 1002 ⁴¹¹)
737 957 888 1003 aperiam
927 956 1179 990 differentiam?

51 1018 142 1052 Audi
165 1019 342 1064 quomodo
361 1018 487 1051 Paulus
504 1019 545 1051 ad
569 1018 744 1052 Hebraeos
761 1019 909 1053 scribens
930 1018 1026 1051 dicit:
1051 1017 1179 1062 ‚‚qui⁵)

51 1080 141 1113 enim
173 1080 376 1119 sanctificat,
411 1089 443 1112 et
474 1079 531 1124 qui
563 1081 830 1118 sanctificantur,
866 1092 904 1112 ex
933 1093 1003 1113 uno
1029 1082 1181 1114 ornneS.“

0 1165 2 1184 2
53 1141 139 1184 Quis
164 1154 242 1182 ergo
266 1139 475 1174 sanctificat?
522 1139 672 1174 Christus
702 1140 773 1174 sine
798 1140 922 1173 dubio:
954 1150 986 1172 et
1017 1140 1074 1184 qui
1105 1154 1181 1174 san-

0 1205 3 1211 '
45 1200 270 1241 „ctificanturi’
301 1203 474 1234 credentes
498 1200 532 1233 in
559 1200 705 1235 Christo.
760 1201 978 1235 Manifestum
1009 1214 1087 1242 ergo
1123 1211 1181 1241 est,

51 1263 144 1305 quod
172 1262 229 1306 qui
251 1262 444 1302 sanctificat,
467 1272 600 1296 sanctus
625 1271 691 1302 est,
714 1261 792 1306 quia
816 1275 949 1307 semper
970 1272 1102 1296 sanctus
1126 1272 1181 1296 est.

54 1322 124 1366 Qui
149 1332 260 1355 autem
285 1324 551 1362 sanctificantur,
573 1336 645 1355 non
668 1322 863 1368 simpliciter
885 1324 1000 1363 sancti,
1023 1325 1082 1356 sed
1105 1337 1181 1356 san-

53 1383 187 1417 ctificati
210 1383 316 1417 sancti
341 1384 476 1417 dicendi
499 1393 587 1417 sunt.
642 1385 838 1428 Nec‘putes
871 1384 950 1417 huic
981 1388 1090 1418 sensui
1116 1397 1182 1418 esse

54 1444 263 1478 contrarium
301 1444 402 1486 illud,
440 1447 534 1489 quod
578 1446 621 1478 de
655 1445 788 1479 Christo
825 1445 988 1490 seriptum
1026 1446 1183 1488 legimus:

54 1520 176 1552 „quem
190 1506 225 1551 ὃ)
261 1516 357 1551 pater
381 1506 614 1547 sanctificavit,
646 1516 677 1540 et
699 1506 788 1540 misit
810 1506 845 1539 in
869 1508 960 1540 hunc
983 1508 1184 1540 mundum.“

55 1568 120 1601 Hic
144 1568 234 1601 enim
267 1568 326 1612 qui
356 1567 596 1608 sanctificatur,
636 1570 824 1602 secundum
863 1582 998 1602 carnem
1033 1568 1185 1602 Christus

56 1639 119 1669 est,
149 1643 223 1662 non
252 1631 438 1663 secundum
468 1630 634 1674 spiritum.
694 1631 782 1664 Nam
812 1633 999 1664 secundum
1029 1631 1184 1675 spiritum

55 1691 183 1736 pariter
206 1700 238 1723 et
262 1691 447 1724 secundum
473 1704 608 1724 carnem
636 1690 786 1725 Christus
812 1692 911 1725 dixit:
936 1693 1030 1735 „Ego
1049 1692 1084 1736 7)
1110 1706 1186 1725 san-

43 1751 168 1785 'ctifico
194 1765 249 1785 me
272 1752 384 1797 ipsum
408 1766 473 1797 pro
498 1752 584 1786 iis:“
618 1762 656 1785 ut
678 1753 736 1797 qui
770 1754 970 1794 sanctificat,
1001 1754 1186 1787 secundum

55 1813 209 1858 spiritum
234 1814 453 1856 intelligatur:
484 1814 541 1859 qui
571 1823 683 1847 autem
706 1815 929 1848 sanctificatur
952 1828 1016 1859 pro
1042 1814 1190 1858 discipu-

57 1873 107 1915 lis,
129 1876 318 1908 secundum
343 1888 497 1915 carnem,
527 1889 614 1908 unus
644 1885 756 1909 tamen
788 1886 889 1920 atque
914 1876 1006 1909 idem
1037 1875 1188 1909 Christus

155 1974 188 2018 ¹)
212 1962 315 2008 tevit.
340 1975 419 2015 xx,
443 1976 472 2009 7.
496 1975 551 2009 26.

152 2030 189 2075 ²)
214 2030 436 2064 Desideratur
458 2034 548 2070 „est“
571 2030 606 2064 in
627 2031 679 2064 ed.
703 2031 819 2065 Ruaei.

154 2086 191 2128 3)
217 2085 288 2121 Cfr.
311 2086 413 2118 Levit.
437 2085 518 2126 XX,
541 2088 572 2121 7.
598 2088 653 2121 26.

156 2140 192 2185 ⁴)
216 2142 310 2174 Loco
334 2142 480 2187 ,‚apicis“
503 2142 536 2174 in
562 2143 643 2178 Mss.
668 2144 803 2187 legitur:
828 2143 978 2184 „modi.“
1004 2144 1041 2176 R.

157 2196 193 2240 ⁵)
218 2197 325 2230 Hebr.
350 2197 392 2238 II,
416 2198 468 2233 11.
565 2198 602 2243 6)
627 2200 688 2237 Εν.
713 2201 837 2234 Joann.
863 2201 908 2242 X,
931 2200 983 2234 36.

158 2251 194 2296 ⁷)
216 2252 277 2286 Ev.
300 2252 427 2287 Joann.
452 2253 562 2295 XVII,
587 2254 638 2290 19.
