1427 2460
190 33 258 67 218
675 33 852 67 Omenms

457 193 848 233 HOMILIA
908 194 1057 232 XVIII.

555 291 620 324 De'
634 301 752 335 quarta
775 292 969 337 prophetia.

282 382 312 413 1.
349 379 516 423 Quartam
540 394 634 414 nunc
664 381 881 426 prophetiam
913 395 951 415 ex
983 382 1038 422 iis,
1071 394 1157 426 quae
1181 381 1322 415 Balaam

192 442 225 474 in
252 442 356 474 verbo
369 441 436 474 Dei
452 443 586 475 Iocutus
602 453 665 482 est,
688 443 723 476 in
739 443 774 486 Ι)
796 456 917 476 manus
942 442 1149 483 assumimus,
1173 444 1324 476 volentes

193 501 291 536 etiam
317 503 360 534 de
389 503 478 546 ipsa,
510 517 597 548 quae
621 504 714 538 Deus
747 505 895 546 dederit,
927 505 1067 549 aperire.
1116 504 1182 538 Cui
1210 514 1324 537 tamen

191 563 393 607 prophetiae
414 563 546 605 similia,
569 574 608 598 ut
630 565 664 599 in
680 567 926 611 superioribuS,
947 565 982 598 in
1000 566 1209 610 praefatione
1225 578 1324 610 prae-

192 625 291 657 missa
315 635 402 658 sunt.
449 626 507 659 Ait
531 627 639 660 enim:
672 638 724 667 „et
738 627 776 672 2)
799 627 901 661 iratus
926 637 972 661 est
996 627 1124 660 Balach
1148 628 1324 660 adversum

191 687 344 726 Balaam,
368 696 400 719 et
423 687 580 732 plausum
606 689 700 723 dedit
723 689 879 722 manibus
903 688 979 722 suis.
1025 688 1070 721 Et
1094 688 1175 722 dixit
1197 687 1326 721 Balach

191 748 234 780 ad
264 747 424 781 Balaam:
471 749 672 783 maledicere
703 749 879 783 inimicum
909 763 1024 784 meum
1057 749 1173 783 vocavi
1208 759 1259 789 te,
1294 758 1327 782 et

193 822 288 849 ecce,
318 811 524 844 benedicens
555 812 755 846 benedixisti
784 812 894 846 tertio.
940 813 1042 844 Nunc
1075 824 1154 854 ergo
1186 813 1263 854 fuge
1290 811 1325 844 in

193 871 309 903 locum
339 881 455 904 tuum:
503 872 586 912 dixi,
617 874 800 907 honorabo
832 884 879 913 te,
916 883 947 907 et
976 887 1067 906 nunc
1095 873 1264 906 fraudavit
1294 882 1327 906 te

192 933 364 966 Dominus
388 934 554 967 honore.“
603 935 762 969 Ostendit
785 937 818 968 in
843 936 891 976 iis,
917 935 994 980 quia
1021 945 1053 968 et
1075 933 1205 967 Balach
1226 934 1325 966 intel-

193 994 327 1036 lexerit,
363 1008 436 1028 non
466 995 535 1042 jam
569 998 776 1030 daemonum
810 996 996 1030 ministerio
1030 996 1142 1040 decipi
1174 995 1328 1035 Balaam,

192 1057 251 1089 sed
266 1056 333 1089 Dei
350 1056 471 1090 virtute
496 1059 539 1090 ad
563 1057 706 1091 meliora
732 1058 923 1097 transferri,
947 1068 978 1090 et
1002 1057 1081 1090 ideo
1107 1057 1205 1090 dicit:
1230 1057 1327 1096 „Do—

194 1117 357 1162 minus³)
381 1119 549 1152 fraudavit
572 1129 604 1152 te
627 1120 792 1152 houm-ef*
829 1120 897 1153 Sed
918 1120 1002 1152 haec
1027 1131 1115 1162 quae
1131 1119 1234 1163 plana
1250 1122 1327 1151 sunt

194 1189 476 1219 transcurrentes,
506 1182 548 1213 ad
575 1181 747 1225 sequentia
777 1181 958 1214 veniamus.
1004 1180 1070 1220 „Et
1088 1179 1125 1224 ⁴)
1156 1180 1237 1213 dixit
1261 1179 1330 1212 Ba-

194 1241 283 1275 laam
314 1241 357 1273 ad
381 1241 528 1274 Balach:
566 1256 684 1275 nonne
715 1251 747 1275 et
772 1241 898 1275 nuntiis
920 1241 1003 1283 tuis,
1037 1255 1122 1286 quos
1145 1241 1262 1275 misisti
1285 1243 1328 1274 ad

193 1315 268 1342 me,
299 1303 433 1336 locutus
456 1316 531 1336 sum
557 1303 691 1337 dicens:
725 1306 752 1337 si
777 1303 859 1336 mihi
884 1303 1015 1336 dederit
1038 1303 1165 1336 Balach
1189 1304 1326 1347 plenam

195 1365 339 1397 domum
362 1377 458 1397 suam
480 1374 620 1407 argento
646 1373 679 1397 et
701 1377 796 1404 auro,
820 1378 890 1398 non
915 1373 1037 1409 potero
1052 1364 1240 1406 transgredi
1256 1377 1329 1396 ver—

195 1426 278 1458 bum
301 1425 463 1465 Domini,
495 1426 606 1458 sacen-e
636 1425 721 1458 illud
746 1427 895 1465 bonum,
925 1435 983 1459 aut
1005 1428 1133 1459 malum
1158 1427 1250 1469 apud
1275 1439 1330 1458 me

194 1486 330 1531 ipsum?
379 1486 614 1532 Quaecunque
637 1486 721 1520 mihi
745 1488 866 1521 dixerit
889 1488 994 1527 Deus,
1018 1488 1100 1520 haec
1125 1487 1245 1520 dicam.
1285 1487 1330 1520 Et

196 1562 288 1581 nunc
313 1561 389 1581 ecce
414 1549 519 1581 redeo
544 1548 578 1580 in
603 1549 720 1582 loc‘um
745 1554 893 1582 meum.“
925 1549 1041 1581 Sciens
1059 1549 1209 1589 Balaam,
1234 1550 1328 1594 quod

196 1622 268 1642 non
292 1611 356 1643 sibi
384 1624 448 1655 per
475 1612 646 1643 ministros
672 1611 789 1644 solitos
820 1624 980 1655 respousa
1012 1611 1239 1650 deferrentur,
1270 1612 1329 1643 sed

197 1672 239 1703 ab
265 1684 316 1710 eo,
344 1671 401 1716 qui
417 1673 559 1705 haberet
583 1672 735 1705 omnium
760 1681 972 1716 potestatem,
995 1681 1085 1704 recte
1100 1671 1233 1704 videtur
1245 1684 1329 1716 pro-

197 1742 342 1771 testatus,
365 1747 437 1766 non
461 1748 496 1767 se
519 1746 618 1778 posse
632 1735 773 1766 verbum
791 1733 934 1766 Domini
949 1722 1144 1775 transgredi,
1170 1741 1202 1764 et
1217 1733 1329 1765 facere

197 1796 304 1828 ullum
335 1796 514 1840 pusillum,
545 1805 602 1827 aut
634 1809 792 1837 magnum
826 1797 919 1840 apud
947 1804 1051 1828 semet
1078 1795 1201 1839 ipsum.
1246 1794 1328 1827 Non

199 1856 289 1889 enim
314 1857 371 1890 ille
397 1858 601 1902 loquebatur
625 1858 671 1896 ei,
696 1857 753 1901 qui
777 1866 889 1900 posset
902 1856 1072 1890 sacrificiis
1086 1866 1117 1888 et
1131 1855 1328 1888 muneribus

199 1919 405 1963 permutari,
434 1920 492 1952 sed
524 1919 584 1952 ille
619 1927 705 1958 erat,
737 1920 829 1964 apud
862 1932 963 1962 quem
996 1930 1068 1950 nou
1083 1918 1120 1960 ⁵)
1151 1926 1199 1950 est
1221 1925 1330 1949 trans-

295 2062 329 2107 ¹)
353 2064 401 2097 Ita
423 2065 510 2100 Cod.
529 2063 755 2109 Corbejensis,
780 2064 857 2096 libri
882 2071 994 2096 autem
1020 2061 1100 2095 editi
1123 2062 1173 2106 (v.
1199 2075 1225 2095 c.
1252 2061 1328 2094 edd.

200 2108 269 2141 M.
243 2122 288 2150 .:s
312 2108 368 2148 „in
392 2110 558 2143 manibus.
563 2114 582 2129 “
605 2111 647 2142 R.

292 2164 329 2207 2)
354 2165 457 2197 Num
482 2166 611 2204 XXIV,
634 2167 687 2199 10.
712 2167 762 2199 11
882 2164 919 2206 ³)
944 2164 1044 2194 Num.
1068 2162 1197 2202 XXIV,
1221 2162 1273 2195 11.

296 2221 332 2262 Δ)
356 2221 457 2254 IN'um.
483 2220 611 2260 XXIV,
634 2222 687 2254 12.
713 2221 765 2254 13
792 2221 842 2255 14.
959 2218 996 2262 ⁵)
1018 2217 1138 2251 Jacob.
1163 2217 1196 2257 I,
1219 2217 1273 2250 17.
