1427 2460
215 74 281 109 146
691 71 868 104 Onmssms

217 173 288 198 met
309 163 401 209 ipsos
414 161 577 195 invicem:
603 161 713 194 venite
727 171 758 194 ct
780 160 995 194 aedificemus
1009 158 1159 200 Esebon,
1187 172 1274 204 quae
1288 161 1351 195 fuit

219 226 331 260 civitas
354 226 459 260 Seon.
505 222 550 255 Et
571 221 635 266 ipsi
659 221 766 261 enim,
791 223 859 255 hoc
890 231 950 261 cst,
972 221 1034 254 filii
1058 221 1234 263 ecclesiae,
1273 223 1352 267 quia

217 288 340 331 figuras
364 285 444 327 legis
479 292 513 317 et
536 281 722 325 aenigmata
757 282 995 328 spiritualiter*
1014 282 1225 325 intelligunt,
1261 284 1353 318 aeni-

219 347 391 390 gmatistae
414 345 637 391 appellantur.
675 344 753 377 Hoc
777 354 834 384 est,
859 346 954 389 quod
979 354 1012 378 et
1033 345 1200 379 Jeremias
1222 345 1356 391 figurali

219 394 442 443 nihilominus
464 420 623 442 sermone
646 406 814 447 designat,
837 405 898 439 ubi
921 407 964 440 ad
988 419 1067 440 eum
1090 407 1214 441 dicitur
1236 420 1255 441 a
1276 407 1355 441 Do-

218 471 330 504 mino:
362 483 473 512 „ecce‚
489 469 524 514 ¹)
555 469 634 502 dedi
659 468 761 501 verba
784 481 860 501 mea
884 468 919 500 in
944 482 980 502 os
1004 478 1117 502 tuum:
1151 482 1245 509 ecce,
1269 483 1354 503 con·
1390 474 1394 479 '

218 533 310 567 stitui
333 542 365 565 te
389 532 494 565 hodie
517 545 620 576 super
648 540 762 573 gentes
795 538 827 562 et
855 541 972 571 regna,
998 531 1187 571 eradicare,
1219 540 1251 564 et
1272 532 1354 564 sub—

219 604 358 636 vertere,
383 603 415 627 et
439 594 665 632 reaedificare,
691 601 723 625 et
747 591 970 636 replantare.“
1016 592 1111 635 Quid
1135 591 1300 632 eradicat,
1325 601 1357 626 et

220 656 302 701 quid
327 654 510 689 subvertit?
559 654 735 688 Civitatem
758 654 909 693 Esebon,
934 667 1021 699 quae
1045 651 1116 687 erat
1138 656 1222 698 regis
1248 656 1351 689 seon.
1403 680 1406 692 2

221 717 315 762 Quid
341 717 491 750 eradicat
513 717 548 749 in
575 730 623 756 ea,
648 725 682 749 et
703 715 786 760 quid
809 715 998 749 subvertit?
1038 715 1267 758 Cogitationes
1290 717 1355 750 im—
1395 747 1402 752 .

218 780 301 825 pias,
326 789 357 812 et
380 779 542 823 impuras.
590 777 685 821 Quid
709 777 905 810 reaedificat
927 778 962 810 in
987 790 1035 816 ea,
1059 787 1090 811 et
1114 778 1197 823 quid
1219 779 1356 823 replan-
1402 787 1407 814 ζ

223 841 294 886 tat?
344 841 572 884 Cogitationes
594 839 678 884 pias,
703 848 734 872 et
758 847 872 878 castas,
896 848 933 871 ut
957 838 1125 873 efficiatur
1148 840 1287 874 Esebon
1309 839 1357 873 ci-
1404 824 1407 838 1

221 904 303 938 vitas
326 917 400 937 non
424 903 729 941 Amorrhaeorum,
751 902 811 934 sed
835 899 984 934 filiorum
1010 901 1123 936 Israel.

310 966 342 1000 3.
377 966 446 999 Sed
482 965 509 998 si
537 964 694 996 volumus
723 961 853 1004 singula
885 964 1059 1008 persequi,
1091 964 1312 997 excludemur
1337 977 1356 997 a
1400 971 1407 1010 j

221 1027 420 1061 dissertione
445 1039 582 1066 eorum,
625 1038 711 1069 quae
733 1025 835 1057 nobis
870 1025 1007 1058 recitata
1030 1034 1109 1059 sunt
1134 1027 1176 1058 de
1198 1025 1357 1059 Balaam:
1399 1020 1408 1062 5³

221 1088 316 1134 cujus
339 1087 494 1137 lectionis
515 1097 608 1121 tanta
631 1086 811 1120 difficultas
835 1096 892 1126 est,
915 1095 953 1119 ut
975 1086 1028 1119 vix
1053 1088 1096 1120 ad
1118 1086 1281 1121 historiae
1304 1086 1359 1132 ip·
1400 1088 1407 1123 ᾗ

221 1151 289 1184 sius
312 1138 498 1190 rationem,
533 1158 566 1182 et
597 1147 875 1193 consequentiam
906 1149 1154 1193 explanandam
1183 1147 1362 1193 pervenire
1393 1172 1396 1177 -

222 1212 400 1258 possimus.
462 1211 600 1255 Quanta
624 1222 704 1252 ergo
729 1208 797 1255 jam
823 1209 1004 1243 difficultas
1025 1209 1128 1243 nobis
1161 1209 1224 1243 erit
1246 1209 1284 1242 in
1306 1222 1361 1243 ex-

221 1273 421 1320 planatione
442 1271 669 1317 spiritualium
692 1284 870 1312 sensuum,
892 1272 920 1305 si
942 1271 1054 1316 prima
1076 1271 1151 1316 ipsa
1172 1271 1291 1305 literae
1312 1272 1363 1305 fa·
1392 1315 1395 1318 Δ

223 1336 290 1370 cies
321 1335 422 1368 tantis
452 1333 707 1368 difficultatibus
738 1332 890 1366 involuta
922 1332 994 1366 est?
1041 1333 1112 1366 Sed
1136 1332 1285 1377 quamvis
1307 1345 1362 1365 ra·

223 1398 296 1442 piat
317 1410 382 1431 nos
406 1395 612 1430 desiderium
636 1396 679 1428 ad
706 1407 755 1436 ea,
781 1407 869 1438 quae
891 1393 996 1436 magis
1012 1394 1158 1427 obscura
1182 1402 1271 1434 sunt,
1295 1394 1363 1427 dis·
1404 1407 1408 1431 '.

223 1460 386 1500 serenda,
417 1468 531 1491 tamen
560 1470 634 1490 non
663 1465 743 1490 sunt
772 1455 906 1500 penitus
929 1455 1117 1488 omittenda
1143 1453 1241 1488 etiam
1267 1455 1362 1495 haec,
1397 1447 1400 1449 ’

225 1533 314 1566 quae
335 1519 448 1554 media
471 1520 675 1553 referuntur.
736 1517 857 1551 Postea
891 1516 980 1550 enim
1008 1529 1114 1561 quam
1139 1517 1363 1550 obtinuerunt
1390 1524 1394 1529 '

225 1582 288 1616 filii
320 1582 422 1616 lsrael
453 1580 599 1615 civitates
629 1579 942 1619 Amorrhaeorum‚
979 1579 1232 1613 adscenderunt
1261 1577 1362 1611 etiam

223 1644 331 1685 viam,
354 1655 441 1688 quae
463 1643 558 1676 ducit
580 1642 616 1675 in
639 1641 769 1681 Basan,
807 1639 868 1673 ubi
892 1650 963 1674 erat
985 1640 1042 1683 Og
1063 1653 1122 1674 rex
1144 1640 1278 1674 Basan:
1301 1640 1362 1674 sed
1379 1626 1406 1667 ''-

227 1707 271 1739 ad
295 1706 388 1739 hunc
417 1717 530 1750 neque
552 1705 679 1746 legatos
709 1703 844 1737 mittere
875 1703 1076 1745 dignantur,
1109 1715 1224 1746 neque
1246 1711 1364 1747 petere
1379 1693 1395 1747 ,Ι

227 1769 270 1801 ab
295 1779 348 1808 eo,
371 1776 410 1800 ut
432 1780 496 1812 per
518 1776 643 1800 terram
667 1765 738 1812 ejus
760 1774 943 1808 transeant,
965 1765 1024 1799 sed
1049 1763 1214 1797 continuo
1241 1761 1364 1796 conssi-
1398 1771 1406 1788 ’ν

225 1838 309 1877 gunt
331 1841 411 1862 cum
435 1842 489 1869 eo,
511 1838 544 1862 et
564 1836 727 1873 superant
748 1836 817 1860 tam
841 1826 966 1872 ipsum,
991 1839 1095 1871 quam
1116 1825 1289 1871 populum
1311 1823 1366 1869 ip·
1378 1865 1381 1873 ὃ

226 1891 304 1924 sius.
351 1890 536 1924 Videamus
560 1903 651 1932 ergo,
676 1902 763 1934 quae
787 1898 835 1922 est
856 1889 978 1923 Basan.
1025 1888 1138 1922 Basan
1160 1888 1365 1931 interpreta-
1379 1895 1406 1937 ξ

228 1962 286 1986 tur
306 1951 504 1997 turpitudo:
536 1951 657 1984 merito
682 1964 762 1994 ergo
784 1964 848 1984 nec
871 1950 970 1993 legati
993 1950 1174 1984 mittuntur
1198 1949 1242 1982 ad
1264 1937 1409 1984 istam'a

228 2023 381 2056 gentem,
414 2026 477 2047 nec
507 2014 665 2047 transitus
697 2025 760 2057 per
781 2022 906 2046 terram
930 2011 1001 2058 ejus
1023 2010 1185 2056 poscitur.
1239 2009 1364 2043 Nullus
1382 2011 1407 2039 -·'⁵

229 2075 320 2108 enim
341 2075 443 2108 nohis
465 2074 623 2108 transitus
647 2075 750 2108 debet
774 2087 852 2115 esse,
877 2074 991 2108 nullus
1014 2085 1163 2107 accessus
1186 2072 1230 2105 ad
1252 2069 1364 2116 turpi·
1396 2074 1405 2105 ,ἵ

229 2137 397 2169 tudinem:
427 2137 486 2169 sed
518 2137 561 2170 ab
585 2136 683 2170 initio
716 2136 826 2170 statim
850 2136 1084 2181 expugnanda,
1104 2143 1140 2174 ⁸et
1164 2132 1407 2183 omnimode'3

1378 2194 1394 2207 ‚.

326 2275 358 2317 ¹)
381 2274 453 2310 Jer.
479 2275 504 2314 Ι,
529 2275 560 2309 9.
587 2276 637 2309 10.
