1427 2460
336 93 373 117 m
395 82 574 116 Nummos
598 78 758 111 HommA
778 75 885 109 XVII.
1109 64 1174 100 201

58 195 109 215 res
132 188 283 225 quosque
307 183 340 207 et
361 169 492 205 veritati
523 168 697 214 proximos
719 182 833 202 sensus
858 170 990 214 aperire
1013 169 1178 210 dignetur,

57 252 95 275 ut
118 243 152 275 in
177 237 304 283 Spiritu
325 241 444 268 sancto
461 230 495 275 ¹)
520 229 787 271 considerantes,
826 244 911 275 quae
934 244 996 276 pe,-
1023 232 1176 277 spiritum

60 303 179 347 scripta
203 307 290 337 sunt,
313 305 343 330 et
366 292 595 338 spiritualibus
612 291 797 337 spiritualia
815 302 1057 337 comparantes,
1080 293 1180 334 digne

26 350 28 353 '
59 365 158 402 Deo’
181 368 214 393 et
236 366 352 392 saneto
377 353 521 400 Spirim'
545 353 603 397 qui
627 353 710 385 haec
733 353 921 397 5¹³⁵mevit2
947 368 1032 399 quae
1055 356 1179 400 scripta

59 433 136 459 sunt
166 419 384 465 explicemus,
421 416 456 449 in
496 415 631 448 Christo
661 415 743 447 Jesu
767 414 922 447 Domino
954 426 1091 457 nostro,
1127 419 1180 452 cui

62 493 108 518 est
129 481 233 525 gloria
258 490 289 513 et
311 478 492 524 imperium
515 478 550 510 in
575 477 708 510 saecula
732 479 957 512 saeculorum.
1008 480 1130 515 Amen.

327 696 714 736 HOMILIA
772 697 924 737 XVII.

343 800 398 833 De
422 798 572 845 ejusdem
597 801 691 834 tertia
715 801 906 846 prophetia.

158 894 186 926 1.
232 887 380 922 Tertiam
424 903 515 922 nunc
547 889 762 934 prophetiam
798 903 836 922 ex
866 889 920 929 iis,
961 903 1047 935 quae
1078 905 1189 926 sermo

65 952 133 985 Dei
156 964 218 996 per
240 950 381 984 Balaam
410 950 570 995 protulit,
594 951 758 984 habemus
781 951 817 984 in
841 951 1015 992 manibus,
1039 962 1074 986 ut
1092 954 1190 987 etiam

68 1014 111 1046 de
134 1013 222 1058 ipsa,
246 1004 351 1057 proiit
374 1012 545 1045 Dominus
571 1013 718 1053 dederit,
742 1013 853 1057 aliqua
880 1013 1090 1048 disseramus.
1136 1015 1194 1048 Et-

69 1075 159 1108 enim
183 1074 297 1108 infelix
321 1074 380 1108 iste
404 1074 533 1108 Balach
556 1084 699 1119 putans,
730 1075 824 1119 quod
847 1074 988 1108 Balaam
1013 1076 1127 1110 divino
1152 1078 1195 1110 ad

70 1137 345 1170 maledicendum
378 1137 446 1169 loci
477 1136 715 1181 opportunitas
754 1135 857 1176 magis
894 1136 1056 1178 defuerit,
1095 1152 1196 1183 quam

71 1199 242 1238 voluntas,
277 1197 392 1230 utilius
418 1210 485 1231 esse
507 1206 615 1237 ratus,
648 1196 674 1229 si
705 1205 851 1229 mutaret
882 1199 1015 1232 locum:
1040 1201 1198 1244 ‚,veni‚²)

72 1261 204 1305 inquit,
227 1269 259 1292 et
283 1260 425 1292 educam
449 1268 482 1292 te
505 1257 539 1290 in
564 1259 681 1291 locum
705 1258 828 1296 alium,
856 1259 882 1292 si
906 1260 1016 1304 placet
1040 1262 1136 1301 Deo,
1168 1273 1199 1296 et

73 1322 254 1356 maledices
278 1334 355 1354 eum
378 1321 468 1354 inde.
516 1320 560 1352 Et
592 1320 749 1352 assumsit
772 1318 899 1352 Balach
924 1322 1034 1365 ipsum
1058 1322 1199 1357 Balaam

73 1386 110 1419 in
134 1383 289 1417 verticem
314 1382 439 1415 montis
462 1381 599 1423 F0g0r‚
624 1380 681 1424 qui
706 1381 813 1413 tendit
836 1380 871 1413 in
897 1384 1097 1416 desertum.“
1132 1386 1202 1420 Eos

75 1448 230 1493 quidem,
253 1458 339 1489 quos
362 1444 456 1476 Deus
479 1451 592 1481 vocat,
614 1441 809 1486 imponit³)
839 1442 873 1476 in
899 1445 1056 1478 verticem
1080 1449 1205 1482 montis

77 1510 174 1544 Sina:
201 1507 255 1542 hic
281 1515 393 1539 autem
417 1504 563 1544 Balach,
594 1503 652 1548 qui
675 1504 753 1536 Deo
778 1507 966 1540 contrarius
991 1518 1055 1549 est,
1092 1510 1204 1555 impo-

78 1571 130 1606 nit
152 1570 290 1602 Balaam
315 1568 351 1600 in
374 1567 530 1600 verticem
554 1565 678 1600 montis
703 1566 827 1608 Fogor.
875 1568 993 1609 Fogor
1018 1581 1127 1605 autem
1153 1573 1206 1607 in-

78 1641 282 1678 terpretatur
313 1627 500 1662 delectatio.
556 1627 594 1660 In
627 1627 783 1661 verticem
815 1642 893 1670 ergo
908 1630 944 1675 4)
976 1634 1209 1669 delectationis

151 1691 267 1701 ..0-

952 1695 1094 1727 Amator
1119 1698 1207 1731 enim

85 1765 132 1790 est
154 1751 336 1797 voluptatis
359 1749 479 1791 magis,
513 1763 614 1795 quam
639 1751 723 1790 Dei¹
760 1761 791 1784 et
814 1752 943 1786 idcirco
975 1754 1122 1800 imponit
1152 1771 1210 1792 eos

83 1817 121 1852 in
143 1815 367 1849 summitatem
393 1822 424 1844 et
447 1812 605 1845 verticem
630 1812 829 1856 voluptatis,
865 1823 902 1846 ut
926 1817 1080 1850 excludat
1111 1832 1168 1852 eos
1193 1834 1211 1853 a

84 1879 174 1913 Deo.
219 1875 411 1907 Excludens
435 1873 524 1906 enim
558 1882 589 1905 et
614 1874 787 1907 devoratio
812 1875 1052 1919 interpretatur
1074 1878 1211 1913 Balach,

86 1940 170 1974 Ideo
197 1935 344 1981 denique
370 1944 401 1967 et
423 1934 458 1967 in
483 1947 635 1967 eremum
659 1935 766 1968 tendit
789 1935 927 1978 Fogor,
951 1938 986 1971 id
1012 1948 1075 1980 est,
1098 1942 1141 1974 ad
1165 1955 1214 1984 ca,

185 2062 219 2104 ¹)
242 2061 284 2094 In
307 2059 387 2094 Mss.
412 2057 612 2104 Corbejensi
636 2068 667 2091 et
689 2057 884 2094 Belvacensi
908 2061 1091 2098 omittitur:
1118 2077 1216 2105 „san-

90 2111 180 2142 cto.“
202 2106 233 2138 R

182 2162 219 2206 2>
237 2132 346 2195 ’Νυηι
372 2160 501 2199 XXIII,
523 2161 578 2194 27.
601 2160 655 2195 28.

185 2218 223 2260 ⁸)
246 2217 334 2250 Edd.
358 2216 512 2249 Merliui:
536 2216 684 2260 imponit
707 2231 764 2252 eos
789 2228 849 2251 etc.

186 2272 223 2317 ⁴)
246 2273 335 2306 Edd.
362 2272 517 2306 Merlini:
543 2282 666 2307 autem.
