1427 2460
222 108 289 144 :352
702 105 878 140 Omenms

223 199 330 233 citatis
359 210 422 244 per
444 205 547 231 semet
574 196 682 241 ipsam
715 197 829 230 reddit
853 196 1048 242 justitiae:“
1083 194 1217 239 sicut¹)
1257 196 1353 240 Apo-

223 263 329 295 stolus
354 261 463 293 docct.
509 259 669 303 Denique
694 268 726 292 et
759 272 874 306 azyma
909 272 987 292 cum
1017 256 1242 292 amaritudine
1267 257 1355 290 vesci
1381 264 1386 267 ’

222 320 496 368 praecipiuntur:
520 333 584 353 nec
609 330 656 353 cst
679 319 860 366 possibile,
891 320 1067 366 pervenire
1091 320 1134 352 ad
1153 328 1279 352 terram
1302 330 1356 351 re-

222 383 475 429 promissionis,
514 381 578 416 nisi
612 395 675 427 per
706 382 947 416 amaritudines
982 391 1199 415 transeamus.
1260 380 1357 414 Sicut

224 446 314 478 enim
347 443 472 476 medici
502 443 744 477 amaritudines
776 444 940 488 quasdam
976 442 1231 476 medicamentis
1268 441 1358 474 inse—

225 516 305 553 runt
333 505 446 540 salutis
483 515 667 550 prospectu
709 515 741 538 et
775 495 924 539 sanitatis
961 504 1211 547 languentium:
1247 504 1293 538 ita
1325 511 1357 536 et

225 568 338 602 salutis
362 576 549 613 prospectu
571 567 723 600 medicus
754 566 944 599 animarum
975 576 1169 600 nostrarum
1195 566 1356 599 amaritu-

226 631 321 664 dines
344 643 407 663 nos
432 629 518 662 vitae
541 628 641 675 hujus
660 627 767 661 voluit
791 628 862 673 pati
885 628 921 661 in
945 627 1080 662 diversis
1104 628 1356 667 tentationibus,

223 692 348 733 sciens,
375 692 452 736 quia
479 690 554 724 finis
579 689 679 736 hujus
705 689 938 724 amaritudinis
961 690 1093 723 animae
1119 699 1255 723 nostrae
1279 689 1356 722 dul-

225 754 379 787 cedinem
403 752 517 786 salutis
541 751 714 796 adquirat:
739 751 824 786 sicut
849 762 880 785 et
904 766 921 785 e
945 752 1116 785 contrario
1141 751 1217 785 finis
1241 750 1358 785 dulce·
1405 774 1409 781 1

226 816 331 855 dinis,
367 828 454 860 quae
489 823 537 847 est
570 814 607 847 in
638 814 814 859 voluptate
846 827 1030 859 corporea,
1068 823 1106 847 ut
1136 814 1246 847 divitis
1269 812 1358 846 illius

225 878 376 922 exempla
408 877 618 917 docuerunt,
655 889 808 909 amarum
840 876 944 908 finem
975 875 1089 909 reddit
1119 876 1155 909 in
1185 875 1360 909 infernum

222 952 427 984 poenarum.
474 938 529 970 Tu
555 951 652 980 ergo,
679 938 736 982 qui
761 939 823 971 iter
847 938 976 971 virtutis
1000 937 1145 978 incedis,
1168 950 1242 970 non
1266 937 1358 970 refu-

225 1001 292 1043 gias
317 1000 489 1045 applicare
513 1000 556 1032 ad
576 999 827 1033 amaritudines.
876 999 1108 1034 ProficisceriS
1133 998 1223 1032 enim
1249 1007 1282 1031 et
1304 997 1356 1030 in-

226 1064 286 1103 de,
309 1063 395 1096 sicut
420 1071 450 1095 et
475 1061 537 1094 filii
561 1061 675 1094 lsrael.

316 1125 368 1157 11.
415 1123 638 1167 „Pr0secti²)
662 1132 750 1164 sunt,
773 1122 895 1168 inquit,
921 1124 964 1156 de
987 1122 1222 1162 amaritudine,
1247 1131 1279 1155 et
1302 1119 1364 1154 vess

226 1194 351 1219 nerunt
374 1184 410 1218 in
434 1183 582 1218 Helim.“
629 1184 743 1218 Helim
770 1194 836 1225 cst,
864 1184 926 1218 uhi
956 1194 1035 1218 sunt
1065 1183 1250 1218 duodecim
1278 1184 1358 1216 fon-

226 1257 274 1281 tes
307 1260 490 1292 aquarum,
530 1256 562 1279 et
600 1246 810 1291 septuaginta
848 1248 936 1281 duae
975 1248 1115 1281 arbores
1154 1246 1357 1291 palmarum.

226 1310 344 1350 Vides,
379 1318 458 1354 post
489 1308 748 1351 amaritudines,
785 1317 864 1354 post
899 1307 1091 1354 asperitates
1135 1307 1361 1353 tentationum

228 1385 332 1416 quam
355 1381 389 1404 te
413 1384 558 1405 amoena
582 1371 770 1416 suscipiunt
793 1371 878 1404 loca.
940 1372 1022 1404 Non
1053 1369 1195 1404 venisses
1219 1370 1262 1403 ad
1287 1370 1362 1415 pal-

225 1447 314 1474 mas,
349 1433 414 1467 nisi
442 1434 670 1466 tentationum
705 1432 946 1466 amaritudines
969 1431 1177 1477 pertulisses:
1212 1444 1276 1464 nec
1305 1443 1363 1464 ve-

226 1494 328 1528 nisses
359 1495 404 1527 ad
436 1495 652 1528 dulcedinem
683 1494 851 1534 fontium,
887 1494 951 1527 nisi
983 1493 1094 1538 prius,
1141 1506 1228 1538 quae
1256 1492 1362 1526 tristia

226 1558 363 1590 fuerant
387 1565 419 1589 et
442 1569 571 1601 aspera,
595 1568 801 1600 superasses:
826 1569 899 1588 non
926 1568 994 1600 quo
1020 1554 1089 1600 jam
1114 1554 1190 1588 finis
1214 1555 1255 1587 sit
1276 1555 1311 1588 in
1323 1553 1362 1598 ³)

225 1618 275 1651 his
298 1617 443 1658 itineris,
468 1626 499 1650 et
521 1618 686 1662 perfectio
715 1627 938 1650 cunctorum:
962 1618 1022 1650 sed
1047 1617 1263 1662 dispensator
1287 1615 1362 1648 ani-

227 1693 363 1713 marum
394 1680 490 1713 Deus
519 1680 556 1712 in
589 1678 664 1724 ipso
695 1678 815 1712 itinere
845 1679 1014 1712 interserit
1043 1679 1220 1712 laboribus
1259 1678 1361 1712 etiam

228 1741 397 1786 quaedam
420 1741 603 1784 refrigeria,
629 1741 753 1786 quibus
777 1742 886 1774 refota
905 1740 1017 1774 anima
1031 1750 1062 1774 et
1077 1749 1230 1785 reparata
1242 1753 1361 1785 prom-

226 1804 295 1837 tior
328 1804 445 1837 redeat
477 1804 521 1837 ad
555 1804 705 1848 reliquos
729 1804 875 1837 labores.
929 1802 1045 1836 Helim
1070 1812 1182 1836 autem
1195 1801 1232 1846 ⁴)
1256 1802 1360 1836 inter-

227 1875 380 1911 pretatur
404 1865 530 1900 arietes.
585 1865 713 1898 Arietes
747 1865 850 1897 duces
882 1873 959 1897 sunt
982 1877 1130 1908 gregum.
1187 1864 1258 1909 Qui
1281 1873 1361 1898 sunt

229 1939 307 1969 ergo
335 1928 437 1960 duces
463 1927 567 1970 gregis
594 1914 817 1968 Christi,⁵nisi
842 1926 1009 1971 Apostoli,
1033 1926 1092 1971 qui
1114 1935 1192 1961 sunt
1217 1935 1250 1959 et
1273 1927 1361 1960 duo-

229 1988 339 2022 decim
363 1988 500 2023 fontes?
546 1988 674 2022 Verum
700 1987 863 2034 quoniam
887 2000 960 2021 non
982 1988 1095 2022 solum
1127 1987 1204 2022 illos
1228 1988 1361 2021 duode-

325 2115 360 2160 ¹)
384 2116 473 2150 Edd.
497 2117 654 2151 Merlini:
678 2117 765 2151 sicut
789 2116 972 2162 Apostolus
997 2116 1148 2151 ,Iacobus
1173 2116 1284 2150 docet.

322 2171 360 2215 ²)
385 2172 486 2206 Num.
511 2173 677 2214 XXXIII,
699 2174 731 2208 9.

322 2227 360 2265 3)
385 2227 472 2261 Edd.
499 2229 656 2262 Merlini:
682 2229 718 2262 in
742 2228 781 2263 iis
807 2228 943 2263 itineris.

324 2281 360 2326 ⁸)
382 2282 470 2317 Edd.
495 2283 650 2320 Merlini:
675 2293 798 2318 tamen.
