1427 2460
327 105 364 129 m
381 94 561 129 Nummos
577 92 740 128 Homma
770 93 932 129 XXVIII.
969 95 974 97 ⁴
1139 96 1206 132 367

72 185 191 219 merita
225 197 366 224 eorum,
397 184 455 230 qui
487 184 728 218 haereditatem
758 179 974 219 consecuturi
1005 194 1083 218 sunt
1113 187 1207 228 regni

74 247 263 287 coelorum,
286 246 416 280 idcirco
442 246 541 280 etiam
567 246 654 281 iniis
678 247 835 281 tribubus
860 248 1079 281 observanter
1092 247 1206 280 dirimi

71 307 210 354 jubetur
237 308 299 341 ista
338 307 506 342 distinctio
540 308 776 350 terminorum,
809 318 847 343 ut
877 309 1021 342 sciamus
1051 309 1110 341 has
1135 321 1204 343 esse

72 369 274 403 meritorum
299 369 506 403 differentias
531 371 759 404 observandas
782 370 817 403 in
841 383 1063 415 unoquoque.
1100 370 1205 404 Verbi

73 430 187 472 gratia,
211 431 270 476 qui
293 432 338 464 ita
362 432 568 474 negligenter
592 432 716 472 vixerit,
741 440 778 464 ut
800 444 865 476 pro
891 433 958 465 fide
984 432 1120 476 quidem
1146 445 1204 465 sua

71 501 242 525 mereatur
272 492 390 528 haberi
422 493 508 526 inter
538 492 626 526 filios
651 493 770 533 Israel,
801 506 866 538 pro
898 492 1097 534 negligentia
1122 507 1202 526 vero

71 552 173 593 vitae,
203 563 441 599 gestorumque
466 554 592 588 desidia
616 555 651 587 in
675 555 767 587 tribu
791 554 915 587 Ruben
939 563 995 587 aut
1022 553 1117 594 Gad,
1148 565 1205 588 aut

71 614 212 648 dimidia
236 616 327 650 tribu
351 617 508 650 Manasse
532 617 653 649 debeat
675 616 836 660 reputari,
860 626 892 649 et
915 630 987 649 non
1011 617 1098 649 intra
1123 618 1205 650 Jor-

73 678 207 719 danem,
232 679 290 711 sed
316 689 405 711 extra
430 691 508 711 eum
532 687 657 712 sortem
682 677 898 710 haereditatis
913 678 1075 721 accipere.
1102 679 1203 712 Alius

69 753 171 780 vero,
194 739 251 784 qui
275 753 310 773 se
334 739 573 773 emendatione
604 739 707 780 vitae,
737 748 769 772 et
793 738 1049 772 conversatione
1072 752 1204 784 propo-

69 801 122 835 siti
146 802 246 835 talem
270 800 466 841 reddiderit,
490 811 527 833 ut
548 802 736 835 secundum
762 813 845 845 quas
869 799 960 833 solus
986 800 1078 834 Deus
1108 801 1205 834 novit

69 863 228 903 rationes,
252 872 309 895 aut
330 862 365 896 in
391 862 481 895 tribu
503 863 605 902 Juda,
632 871 690 895 aut
715 862 815 895 etiam
839 862 873 894 in
898 860 970 905 ipsa
997 861 1086 895 tribu
1110 861 1203 895 Ben-

68 923 184 970 iamin,
207 923 241 956 in
257 937 322 968 qua
338 923 411 969 ipsa
428 924 628 963 Jerusalem,
653 933 684 957 et
701 924 868 968 templum
882 922 959 963 Dei,
984 933 1083 968 atque
1097 926 1202 958 altare

69 984 235 1025 consistit,
267 986 390 1018 debeat
411 985 577 1031 reputari:
609 995 641 1018 et
665 985 748 1020 alius
771 985 805 1018 in
829 984 910 1024 alia,
935 995 1033 1029 atque
1057 986 1142 1019 alius
1166 987 1202 1019 in

69 1046 144 1083 alia.
189 1046 235 1080 Et
251 1046 317 1080 hoc
341 1047 450 1080 modo
472 1047 569 1086 haec,
593 1060 680 1092 quae
702 1060 795 1080 nunc
813 1046 848 1080 in
865 1047 954 1079 libro
969 1047 1201 1081 Numerorum

67 1107 192 1153 scripta
214 1109 418 1151 referuntur,
445 1108 661 1142 adumbratio
687 1108 854 1154 quaedam
878 1107 918 1140 sit
942 1109 1074 1141 futurae
1104 1108 1202 1142 sortis

67 1169 104 1203 in
129 1169 251 1210 coelis,
275 1183 395 1203 eorum
421 1171 601 1211 duntaxat,
635 1169 692 1215 qui
716 1183 779 1215 per
801 1170 918 1203 Jesum
944 1169 1136 1203 Dominum
1162 1182 1200 1202 ac

68 1231 277 1264 salvatorem
309 1241 464 1265 nostrum
498 1232 758 1271 haereditatem,
797 1241 835 1264 ut
865 1231 1028 1271 diximus,
1067 1231 1201 1275 capient

67 1291 162 1336 regni
181 1293 369 1327 coelorum.
402 1294 591 1334 lbi,credo,
617 1293 794 1335 diligenter
809 1294 1081 1325 observabuntur
1099 1294 1200 1326 etiam

67 1354 140 1396 ista,
165 1368 252 1399 quae
276 1355 331 1388 hic
355 1356 613 1395 adumbrantur,
636 1355 807 1399 privilegia
825 1355 1051 1394 sacerdotum,
1077 1353 1200 1398 quibus

65 1416 174 1451 vicina
200 1429 355 1461 quaeque
378 1416 522 1450 urbibus
546 1418 631 1457 loca,
659 1425 690 1449 et
709 1415 787 1460 ipsis
813 1416 993 1448 moenibus
1018 1415 1132 1462 juncta
1149 1429 1201 1448 se-

65 1476 194 1520 gregari
225 1479 436 1511 mandantur
458 1491 477 1511 a
504 1477 581 1519 filiis
604 1478 717 1511 Israel.
763 1476 827 1519 lbi,
852 1478 965 1517 credo,
997 1486 1029 1510 et
1054 1477 1200 1510 civitates

64 1541 146 1574 istae
173 1548 280 1579 erunt,
305 1552 449 1584 quarum
467 1540 522 1573 hic
538 1541 643 1582 figura
670 1538 879 1579 describitur,
905 1552 987 1584 quas
998 1538 1117 1581 refugii
1134 1552 1199 1571 no-

64 1601 172 1635 minat
195 1601 349 1641 civitates,
374 1602 418 1634 ad
442 1614 523 1645 quas
549 1601 747 1644 confugiant
770 1614 841 1633 non
858 1614 974 1634 omnes
994 1600 1197 1639 homicidae,

62 1663 123 1698 sed
147 1661 204 1708 qui
227 1662 423 1705 ignoranter
447 1662 670 1696 homicidium
697 1662 947 1696 commiserunt.
996 1662 1084 1695 Sunt
1107 1662 1198 1694 enim

61 1725 210 1759 fortassis
243 1724 355 1769 aliqua
385 1733 538 1768 peccata,
571 1737 658 1769 quae
688 1724 713 1757 si
735 1723 914 1768 proposito
947 1736 986 1755 ac
1024 1723 1199 1755 voluntate

28 1810 30 1812 >
49 1785 316 1825 committimus,
339 1784 529 1818 homicidas
552 1798 616 1818 nos
639 1785 786 1819 faciunt:
810 1794 842 1818 et
860 1794 938 1818 sunt
961 1784 1036 1824 alia,
1062 1797 1148 1829 quae
1170 1783 1198 1817 si

62 1849 260 1892 ignoranter
284 1845 512 1886 admittimus,
537 1847 730 1879 decernitur
752 1846 871 1886 nobis,
896 1847 1016 1887 credo,
1044 1855 1075 1878 et
1098 1857 1198 1890 prae-

61 1919 202 1955 paratur
225 1921 264 1941 ex
293 1916 477 1953 praecepto
503 1908 569 1942 Dei
600 1894 732 1953 aliquis⁸
750 1909 864 1947 locus,
900 1908 961 1940 ubi
993 1909 1035 1940 ad
1067 1916 1197 1940 certum

62 1981 195 2015 tempus
220 1970 372 2003 habitare
397 1971 591 2009 debeamus,
613 1970 640 2004 si
665 1969 724 2014 qui
746 1983 818 2002 non
844 1969 1033 2002 voluntaria
1057 1977 1196 2012 peccata

64 2032 313 2066 commisimus:
345 2031 371 2064 si
395 2040 509 2064 tamen
531 2031 653 2064 mundi
677 2032 888 2064 inveniamur
912 2040 944 2063 et
967 2030 1068 2063 alieni
1092 2030 1135 2062 ab
1157 2029 1196 2063 iis

61 2094 226 2139 peccatis,
258 2106 346 2138 quae
376 2093 549 2126 voluntate
574 2092 752 2126 commissa
776 2102 863 2126 sunt.
910 2092 954 2124 Et
978 2093 1024 2124 ob
1049 2092 1116 2124 hoc
1138 2104 1197 2124 se-

63 2163 249 2198 cernuntur
280 2155 447 2199 quaedam
474 2154 618 2189 civitates
649 2156 690 2188 ad
723 2153 900 2196 refugium.
947 2152 1090 2185 Videtur
1122 2152 1197 2197 qui-

62 2216 218 2257 busdam,
242 2217 335 2260 quod
357 2215 569 2259 singulorum
594 2214 734 2261 quoque
755 2216 904 2249 siderum
927 2214 1052 2260 positio
1068 2224 1099 2248 et
1118 2228 1196 2248 coe-

62 2286 114 2311 tus
139 2277 251 2311 civitas
277 2277 343 2310 dici
366 2278 417 2310 vel
440 2277 557 2311 haberi
581 2279 686 2322 possit
707 2277 743 2310 in
768 2278 881 2310 coelo:
914 2277 1009 2322 quod
1034 2289 1094 2317 ego
1120 2274 1196 2321 qui-
