1427 2460
191 59 258 96 132
674 54 861 89 Omessms

195 149 380 196 principes,
404 146 614 181 excuderunt
635 142 762 188 reges.“
815 144 964 178 Possunt
994 143 1133 189 quidem
1165 142 1338 189 principes

199 221 233 245 ct
256 223 349 252 reges
373 209 475 242 iidem
501 208 624 241 videri:
649 207 676 241 si
700 220 780 240 vero
806 206 964 249 distingui
988 218 1123 239 necesse
1147 214 1212 246 est,
1241 207 1338 250 prin-

167 318 171 321 *
198 272 288 317 cipes
310 268 757 316 prophetas-intelligamus.
810 267 881 313 Ipsi
913 267 1006 301 enim
1035 280 1170 301 sensum
1204 276 1236 300 et
1256 280 1339 312 pro-

197 333 348 378 phetiam
374 333 418 365 de
442 330 580 364 Christo
607 330 795 371 defossam,
824 339 857 363 et
889 331 1077 365 demersam
1101 330 1137 362 in
1160 329 1339 374 profundo

199 395 317 428 literne
353 393 583 431 collocarunt,
634 400 666 424 et
700 391 780 425 ideo
818 391 958 436 quidam
1001 404 1040 425 ex
1074 390 1154 436 ipsis
1189 389 1340 423 dicebat:

198 455 330 500 „nisi¹)
355 455 490 488 occulte
515 452 698 493 audieritis,
723 452 874 498 plorabit
898 452 1010 487 anima
1023 456 1163 487 vestra.“
1203 451 1247 484 Et
1259 452 1338 485 item

201 517 286 550 alius
309 517 482 561 propheta
507 515 588 548 dicit
612 515 655 548 ad
675 515 884 548 Dominum:
910 527 1034 559 „quam
1045 514 1083 558 ²)
1107 526 1230 556 magna
1252 514 1341 547 mul·
1387 538 1395 548 .

200 579 314 612 titudo
340 577 528 611 dulcedinis
552 586 648 616 tuae,
672 577 836 616 Domine,
861 589 963 621 quam
989 571 1196 609 abscondisti
1218 575 1399 658 ἤπια».

201 640 292 674 tibus
316 639 387 673 te!“
442 639 502 673 Isti
530 651 609 681 ergo
641 648 720 671 sunt
749 638 939 684 principes,
970 637 1030 682 qui
1063 636 1226 671 foderunt
1250 637 1357 669 hunc·

201 711 356 747 puteum,
380 713 472 743 reges
497 709 607 733 autem
631 700 768 743 sunt,3)
792 700 850 744 qui
875 683 1085 733 exciidcrunt
1109 712 1197 732 eum.
1235 697 1343 742 Quod

204 763 303 797 dixit:
327 762 559 803 „excuderunt
570 762 648 805 :“4)
672 762 714 794 ab
749 762 966 800 excudendo,
988 774 1060 794 non
1086 762 1129 794 ab
1155 759 1342 794 excidendo

204 825 334 859 dictum
359 833 417 857 est.
463 823 596 856 Excudi
621 823 711 856 enim
736 822 874 863 dicitur,
905 823 1001 868 quod
1030 822 1065 855 in
1089 835 1168 856 saxo
1192 823 1246 855 vel
1270 833 1344 853 cae-

204 885 308 926 ditur,
332 886 384 919 vel
408 887 588 923 formatur,
638 885 813 930 Principes
837 898 917 928 ergo
942 892 1105 928 tanquam
1131 883 1343 928 aliquantulo

204 947 391 988 inferiores,
414 948 536 980 fodere
561 946 720 980 dicuntur
742 956 897 991 puteum,
920 946 988 979 hoc
1012 955 1076 986 est,
1101 945 1196 990 quasi
1218 944 1255 977 in
1277 953 1345 976 ter-

205 1022 263 1042 rae
285 1008 431 1042 mollitie
455 1007 669 1041 altitudinem
695 1009 868 1053 quandam
900 1008 1105 1049 demergere.
1160 1005 1218 1039 Isti
1251 1017 1344 1042 vem,

206 1084 292 1115 quos
315 1083 409 1112 reges
434 1069 593 1114 appellat,
617 1069 712 1113 quasi
736 1069 975 1102 eminentiores
1000 1082 1038 1102 ac
1062 1068 1239 1107 fortiores.
1271 1080 1343 1100 non

204 1133 319 1166 solum
342 1141 452 1165 terrae
474 1131 707 1175 profundum,
741 1131 801 1163 sed
826 1139 857 1163 et
880 1130 949 1163 saxi
973 1129 1134 1164 duritiam
1157 1138 1346 1175 penetrant,

205 1203 243 1226 ut
265 1193 445 1238 pervenire
468 1191 599 1237 possint
632 1192 675 1224 ad
706 1192 953 1236 profundiores
978 1204 1100 1236 aquas,
1131 1200 1163 1224 et
1184 1190 1287 1235 ipsas,
1318 1189 1345 1222 si

208 1255 276 1288 dici
299 1263 423 1300 potest,
446 1253 482 1286 in
507 1266 548 1286 eo
573 1266 673 1286 venas
693 1253 803 1300 abyssi
827 1262 1100 1298 perscrutentur.
1129 1253 1270 1286 scientes
1294 1251 1346 1296 ju—

208 1316 296 1350 dicia
320 1316 387 1349 Dei
419 1328 488 1348 esse
519 1317 676 1361 abyssum
707 1316 861 1348 multam.
923 1315 1008 1348 Istos
1038 1328 1117 1357 ergo
1141 1326 1251 1355 regeS,
1288 1312 1346 1358 qui

207 1387 278 1409 tam
302 1376 475 1420 profunda
500 1385 641 1420 possunt
673 1385 705 1409 et
741 1386 809 1409 tam
843 1377 1042 1410 abscondita
1074 1374 1168 1420 putei
1190 1387 1348 1420 perscru-

209 1438 284 1477 tari,
307 1436 429 1470 merito
456 1439 640 1481 Apostolos
664 1437 867 1477 dixerimus,
898 1451 936 1471 ex
964 1437 1088 1482 quibus
1112 1435 1232 1480 aliquis
1257 1435 1348 1468 dice-

209 1500 283 1532 bat:
314 1498 486 1542 ‚,nobis⁵)
518 1507 630 1531 autem
670 1499 828 1532 revelavit
857 1499 953 1532 Deus
982 1512 1045 1544 per
1074 1498 1239 1543 Spiritum
1271 1510 1348 1531 san-

211 1570 312 1593 ctum.
361 1559 507 1605 Spiritus
540 1561 629 1593 enim
665 1548 780 1593 omnia
811 1569 996 1599 scrutatur,
1030 1560 1134 1593 etiam
1158 1560 1224 1592 alta
1248 1557 1368 1596 Deiffl

212 1621 304 1665 Quia
337 1633 415 1662 ergo
447 1634 511 1665 per
541 1620 696 1665 spiritum
729 1631 873 1665 possunt
907 1622 1007 1655 etiam
1041 1621 1106 1666 ipsi
1143 1619 1348 1665 perscrutari
1396 1615 1406 1655 ἶ

212 1684 277 1716 alta
302 1682 387 1722 Dei,
423 1692 460 1730 et·
486 1684 553 1716 alta
582 1695 621 1716 ac
649 1683 823 1727 profunda
846 1683 941 1728 putei
972 1691 1151 1727 penetrare
1181 1679 1348 1728 mysteria,
1398 1673 1404 1687 ²

211 1744 341 1777 idcirco
365 1757 457 1786 reges
483 1756 552 1778 esse
576 1745 748 1782 dicuntur,
772 1744 831 1795 qui
851 1754 993 1788 puteum
1014 1742 1164 1787 etiamss)
1188 1742 1289 1775 istum
1312 1741 1347 1775 in
1388 1688 1409 1854 Ξ

211 1816 306 1851 petra
332 1805 538 1845 excuderint,
561 1819 600 1838 ac
625 1806 711 1838 dura
736 1814 768 1838 ct
793 1805 942 1839 difficilia
955 1814 1082 1839 secreta
1105 1804 1265 1837 scientiae
1288 1815 1347 1847 pe-
1392 1799 1397 1833 ζ

210 1867 422 1901 netraverint.
471 1866 578 1910 Quod
611 1876 723 1900 autem
755 1879 847 1909 reges
878 1867 945 1900 dici
967 1866 1098 1912 possint
1127 1865 1228 1899 etiam
1253 1866 1349 1909 Apo·
1392 1872 1409 1900 ω’

310 2012 343 2054 1)
368 2012 495 2045 Jerem.
520 2011 614 2050 Xlll,
639 2012 691 2046 17.

307 2067 344 2111 ²)
369 2067 493 2100 Psalm.
519 2067 667 2108 XXXII,
691 2067 744 2101 19.
768 2068 938 2113 (ΧΧΧῙ.)

304 2124 342 2164 ³)
366 2123 469 2155 Deest
494 2127 612 2161 ‚‚sunt“
637 2123 670 2155 in
699 2125 749 2156 cd.
776 2125 896 2157 Ruaei.

305 2179 341 2221 ⁴)
367 2179 469 2211 Num·
498 2178 592 2216 ΧΧῙ,
618 2181 669 2212 18.
768 2179 803 2223 ⁵)
830 2180 841 2211 l
871 2178 950 2211 Cor.
977 2179 1018 2217 H,
1043 2180 1094 2212 10.

307 2235 343 2279 ὃ>
366 2234 456 2267 Edd.
483 2233 637 2265 Merlini:
663 2237 764 2267 istum
792 2236 898 2267 etiam.
