1427 2460
223 92 292 128 314
706 91 881 125 Oamnms

227 183 350 215 domus
382 181 496 216 usibus
528 181 765 217 necessarium.
828 182 895 223 „In
915 181 950 226 ¹)
976 194 1097 224 magna
1131 184 1220 216 enim
1252 186 1361 218 domo

225 258 298 278 non
328 253 407 277 suut
437 245 676 277 tantummodo
709 258 785 277 vasa
824 256 925 277 aurea
964 254 996 277 et
1030 254 1203 286 argentea,
1238 247 1296 279 sed
1328 255 1361 278 et

228 307 346 349 lignea,
371 315 403 338 et
426 305 578 338 fictilin.“
626 304 824 350 Requiritur
848 318 927 348 ergo
953 306 1141 349 diligenter,
1166 320 1244 339 cum
1267 307 1358 341 abie-

223 368 330 401 rimus
353 367 445 407 illuc,
470 366 553 412 quid
577 366 809 413 unusquisque
831 376 987 401 nostrum
1012 369 1160 409 deferat,
1185 378 1216 402 et
1237 383 1357 403 secun—

224 431 307 463 dum
327 442 375 470 ea,
400 442 488 474 quae
501 429 670 469 detulerit,
692 430 878 462 secundum
895 429 933 474 ²)
957 431 1050 474 quod
1075 431 1174 464 labor
1198 430 1268 477 ejus
1291 444 1356 476 pro

224 491 516 536 contemplatione
540 491 733 524 exuviarum
765 491 950 536 probatur,
984 491 1083 525 etiam
1113 492 1355 526 mansionis-‘ei

221 553 380 586 meritum
422 552 651 597 deputabitur.
714 552 911 586 Probantur
949 561 1062 587 tamen
1105 553 1220 587 omnia
1257 554 1356 587 haec:

227 627 314 660 quae
329 614 367 659 ³)
391 628 454 660 per
482 615 612 657 ignem,
645 627 708 660 per
738 615 870 657 ignem:
909 628 995 660 quae
1029 628 1093 660 per
1122 628 1264 661 aquam,
1296 628 1359 660 per

222 690 364 722 aquam:
404 675 698 723 „uniuscujusque
715 676 751 721 ι)
790 676 881 710 enim
920 690 1007 722 opus
1046 677 1146 723 quale
1181 677 1240 718 sit,
1274 677 1359 719 ignis

223 738 425 784 probabit-‘⁶

313 801 345 835 6.
385 799 572 844 Propterea
597 813 676 843 ergo
703 801 762 834 ait:
787 801 897 841 „haec
917 800 953 845 ⁵)
978 810 1025 834 cst
1048 800 1241 847 justificatio
1264 801 1355 844 legis,

224 876 327 907 quam
351 861 522 896 constituit
545 863 716 896 Dominus
741 863 847 897 Mosi:
871 873 1006 908 praeter
1029 863 1065 907 6)
1089 876 1222 902 aurum,
1246 871 1278 895 et
1301 876 1355 895 ar-

221 933 371 966 gentum,
395 933 427 957 et
445 934 687 964 aeramentum,
712 933 744 957 et
767 925 906 965 serrum,
932 934 964 958 et
987 925 1187 970 plumbum,
1209 933 1244 957 et
1263 932 1355 969 stan-

222 999 318 1027 num,
343 996 374 1019 et
390 986 426 1029 ⁷)
452 999 590 1019 omnem
614 1000 697 1026 rem,
717 999 803 1031 quae
820 986 938 1020 transit
961 1000 1023 1030 per
1046 986 1167 1029 ignem,
1190 985 1356 1023 traducite

222 1061 283 1092 per
305 1048 435 1089 ignem,
461 1057 492 1081 et
515 1049 748 1081 mundabitur.
803 1049 870 1081 Sed
898 1058 930 1081 et
960 1049 995 1081 in
1021 1061 1108 1093 aqua
1127 1047 1164 1093 ⁸)
1195 1047 1355 1093 purifica-

221 1110 322 1142 tionis
345 1109 626 1154 purificabuntur.
681 1108 818 1151 Omnia,
839 1123 1062 1154 quaecunque
1087 1123 1161 1142 non
1184 1119 1359 1142 transeunt

222 1184 284 1216 per
306 1172 436 1213 ignem,
460 1171 649 1204 transibunt
671 1184 733 1216 per
757 1184 896 1216 aquam,
932 1180 963 1204 et
986 1170 1137 1205 lavabitis
1160 1170 1356 1205 vestimenta

221 1242 327 1266 vestra
343 1234 397 1266 die
411 1233 563 1278 septima,
589 1243 620 1266 et
644 1233 764 1266 mundi
788 1232 887 1273 eritis,
913 1242 945 1266 et
967 1242 1055 1278 post·
1069 1233 1152 1266 haec
1174 1232 1357 1266 introibitis

221 1296 257 1329 in
281 1299 428 1328 castra.“
473 1295 591 1334 Vides,
623 1296 800 1338 quomodo
825 1295 1062 1340 purificatione
1083 1295 1221 1337 indiget
1235 1295 1356 1335 omnis,

223 1358 280 1402 qui
305 1356 420 1390 exierit
444 1358 485 1390 de
510 1357 643 1402 proelio
670 1356 754 1390 vitae
777 1356 887 1403 hujus,
935 1357 1042 1401 Quod
1065 1356 1093 1390 si
1109 1358 1146 1402 ⁹)
1168 1357 1214 1391 ita
1238 1367 1296 1400 est,
1318 1366 1378 1390 ut-

317 1605 352 1648 ¹)
377 1604 408 1636 11
434 1604 586 1638 Timoth.
610 1603 651 1643 ΙΙ,
675 1606 729 1638 20.

313 1662 349 1703 ²)
374 1661 462 1696 Cod.
480 1659 822 1693 sanctiTheodorici:
842 1663 1049 1700 „secundum
1066 1663 1220 1695 laborem
1237 1662 1353 1695 unius-

222 1717 384 1764 cujusque
415 1730 479 1762 pro
504 1716 793 1760 contemplatione
826 1718 1019 1750 exuviarum
1045 1728 1077 1751 et
1098 1719 1199 1751 labor
1226 1719 1352 1763 proba-

220 1776 312 1808 bitur
338 1774 438 1807 etiam
463 1771 682 1806 mansionis.“
705 1772 746 1804 R.

313 1830 350 1874 ³)
373 1830 439 1863 Ed.
475 1829 584 1861 Ruaei
620 1828 710 1861 sola:
757 1843 871 1874 „quae
906 1843 967 1874 per
1002 1828 1131 1871 ignem:
1168 1843 1255 1874 quae
1293 1843 1355 1874 per

221 1901 362 1933 nquam:
387 1884 691 1930 Uniuscujusque“
715 1895 776 1919 etc.
824 1886 892 1918 Sed
919 1888 978 1918 cfr.
1004 1899 1077 1931 pag.
1103 1884 1174 1932 huj.
1198 1895 1269 1919 not.
1292 1886 1321 1920 8.

312 1943 349 1987 ⁴)
376 1944 386 1974 Ι
412 1942 491 1976 Cor.
517 1941 575 1980 ΙΙΙ,
600 1943 651 1975 13.

313 2000 349 2043 ⁵)
374 2000 475 2033 Num.
500 1996 632 2036 XXXI,
656 1998 812 2032 21-24,

313 2056 349 2098 ⁶)
374 2057 479 2088 Deest
503 2059 678 2098 „praeter“
701 2054 737 2087 in
763 2054 838 2087 edd.
864 2054 912 2087 M.

314 2112 350 2155 ⁷)
373 2112 437 2144 Ed.
462 2111 570 2144 Ruaei
595 2111 683 2144 sola:
711 2119 743 2151 et
767 2109 877 2143 omnis
901 2122 952 2143 res
978 2122 1075 2154 quae.

310 2167 348 2211 ⁸)
373 2167 443 2201 Cfr.
466 2179 541 2211 pag.
566 2165 635 2212 huj.
658 2176 729 2202 not.
751 2168 783 2202 3.
1078 2186 1081 2188 ·

313 2222 349 2267 ⁹)
374 2223 454 2256 Blss.
479 2221 534 2262 „si
558 2222 603 2255 ita
629 2232 684 2256 est.
694 2227 714 2242 “
737 2222 831 2256 Libri
855 2221 936 2255 editi
958 2221 1006 2266 (v.
1031 2235 1059 2256 e.
1088 2222 1164 2255 edd.
1188 2221 1274 2265 Μ.);
1298 2221 1353 2262 „si

221 2279 349 2324 aliquid
374 2283 457 2312 est.“
480 2278 520 2311 R.
