<?xml version="1.0" encoding="UTF-8"?>
<!DOCTYPE html PUBLIC "-//W3C//DTD XHTML 1.0 Transitional//EN"
    "http://www.w3.org/TR/xhtml1/DTD/xhtml1-transitional.dtd">
<html xmlns="http://www.w3.org/1999/xhtml" xml:lang="en" lang="en">
 <head>
  <title>
</title>
<meta http-equiv="Content-Type" content="text/html;charset=utf-8" />
  <meta name='ocr-system' content='tesseract 3.04.00' />
  <meta name='ocr-capabilities' content='ocr_page ocr_carea ocr_par ocr_line ocrx_word'/>
</head>
<body>
  <div class='ocr_page' id='page_1' title='image "./operaomniaquaegr10orig_0311.png"; bbox 0 0 1427 2460; ppageno 0'>
   <div class='ocr_carea' id='block_1_1' title="bbox 294 72 1151 112">
    <p class='ocr_par' dir='ltr' id='par_1_1' title="bbox 294 72 1151 112">
     <span class='ocr_line' id='line_1_1' title="bbox 294 72 1151 112; baseline -0.004 -4"><span class='ocrx_word' id='word_1_1' title='bbox 294 87 329 110; x_wconf 74' lang='lat' dir='ltr'><strong>m</strong></span> <span class='ocrx_word' id='word_1_2' title='bbox 354 77 531 112; x_wconf 69' lang='lat' dir='ltr'><strong>Nummos</strong></span> <span class='ocrx_word' id='word_1_3' title='bbox 557 72 718 105; x_wconf 79' lang='lat' dir='ltr'><strong>HommA</strong></span> <span class='ocrx_word' id='word_1_4' title='bbox 742 73 869 106; x_wconf 86' lang='lat' dir='ltr'><strong>XXIII.</strong></span> <span class='ocrx_word' id='word_1_5' title='bbox 1083 74 1151 109; x_wconf 84' lang='lat'><strong>289</strong></span> 
     </span>
    </p>
   </div>
   <div class='ocr_carea' id='block_1_2' title="bbox 6 161 1162 1986">
    <p class='ocr_par' dir='ltr' id='par_1_2' title="bbox 6 161 1162 1986">
     <span class='ocr_line' id='line_1_2' title="bbox 22 161 1148 211; baseline -0.002 -11"><span class='ocrx_word' id='word_1_6' title='bbox 22 167 49 200; x_wconf 88' lang='lat' dir='ltr'><strong>si</strong></span> <span class='ocrx_word' id='word_1_7' title='bbox 73 177 114 208; x_wconf 85' lang='lat' dir='ltr'><strong>tc,</strong></span> <span class='ocrx_word' id='word_1_8' title='bbox 139 167 297 211; x_wconf 77' lang='lat' dir='ltr'><strong>inquam,</strong></span> <span class='ocrx_word' id='word_1_9' title='bbox 320 164 468 211; x_wconf 89' lang='lat' dir='ltr'><strong>positum</strong></span> <span class='ocrx_word' id='word_1_10' title='bbox 492 163 528 195; x_wconf 87' lang='lat' dir='ltr'><strong>in</strong></span> <span class='ocrx_word' id='word_1_11' title='bbox 553 161 652 205; x_wconf 86' lang='lat' dir='ltr'><strong>his¹)</strong></span> <span class='ocrx_word' id='word_1_12' title='bbox 677 161 787 196; x_wconf 85' lang='lat' dir='ltr'><strong>videat</strong></span> <span class='ocrx_word' id='word_1_13' title='bbox 810 163 922 203; x_wconf 84' lang='lat' dir='ltr'><strong>Deus,</strong></span> <span class='ocrx_word' id='word_1_14' title='bbox 946 163 1089 197; x_wconf 76' lang='lat' dir='ltr'><strong>laetatur</strong></span> <span class='ocrx_word' id='word_1_15' title='bbox 1113 165 1148 198; x_wconf 89' lang='lat' dir='ltr'><strong>in</strong></span> 
     </span>
     <span class='ocr_line' id='line_1_3' title="bbox 20 224 1148 269; baseline -0.004 -8"><span class='ocrx_word' id='word_1_16' title='bbox 20 238 70 268; x_wconf 83' lang='lat' dir='ltr'><strong>te,</strong></span> <span class='ocrx_word' id='word_1_17' title='bbox 95 238 127 261; x_wconf 83' lang='lat' dir='ltr'><strong>et</strong></span> <span class='ocrx_word' id='word_1_18' title='bbox 151 229 238 262; x_wconf 87' lang='lat' dir='ltr'><strong>diem</strong></span> <span class='ocrx_word' id='word_1_19' title='bbox 263 228 383 260; x_wconf 85' lang='lat' dir='ltr'><strong>festum</strong></span> <span class='ocrx_word' id='word_1_20' title='bbox 409 225 474 266; x_wconf 82' lang='lat' dir='ltr'><strong>agit</strong></span> <span class='ocrx_word' id='word_1_21' title='bbox 496 237 597 269; x_wconf 88' lang='lat' dir='ltr'><strong>super</strong></span> <span class='ocrx_word' id='word_1_22' title='bbox 621 233 662 256; x_wconf 82' lang='lat' dir='ltr'><strong>te.</strong></span> <span class='ocrx_word' id='word_1_23' title='bbox 709 224 803 258; x_wconf 84' lang='lat' dir='ltr'><strong>Haec</strong></span> <span class='ocrx_word' id='word_1_24' title='bbox 828 224 964 268; x_wconf 86' lang='lat' dir='ltr'><strong>quidem</strong></span> <span class='ocrx_word' id='word_1_25' title='bbox 988 224 1025 257; x_wconf 91' lang='lat' dir='ltr'><strong>in</strong></span> <span class='ocrx_word' id='word_1_26' title='bbox 1049 238 1148 269; x_wconf 82' lang='lat' dir='ltr'><strong>prae—</strong></span> 
     </span>
     <span class='ocr_line' id='line_1_4' title="bbox 20 285 1148 330; baseline -0.004 -6"><span class='ocrx_word' id='word_1_27' title='bbox 20 290 122 323; x_wconf 85' lang='lat' dir='ltr'><strong>senti:</strong></span> <span class='ocrx_word' id='word_1_28' title='bbox 145 291 178 323; x_wconf 86' lang='lat' dir='ltr'><strong>in</strong></span> <span class='ocrx_word' id='word_1_29' title='bbox 203 291 318 322; x_wconf 87' lang='lat' dir='ltr'><strong>futuro</strong></span> <span class='ocrx_word' id='word_1_30' title='bbox 342 300 438 326; x_wconf 87' lang='lat' dir='ltr'><strong>vero,</strong></span> <span class='ocrx_word' id='word_1_31' title='bbox 463 286 490 319; x_wconf 87' lang='lat' dir='ltr'><strong>si</strong></span> <span class='ocrx_word' id='word_1_32' title='bbox 514 286 561 319; x_wconf 89' lang='lat' dir='ltr'><strong>vis</strong></span> <span class='ocrx_word' id='word_1_33' title='bbox 585 285 817 325; x_wconf 82' lang='lat' dir='ltr'><strong>considerare,</strong></span> <span class='ocrx_word' id='word_1_34' title='bbox 841 287 1021 330; x_wconf 88' lang='lat' dir='ltr'><strong>quomodo</strong></span> <span class='ocrx_word' id='word_1_35' title='bbox 1046 299 1148 329; x_wconf 87' lang='lat' dir='ltr'><strong>agan-</strong></span> 
     </span>
     <span class='ocr_line' id='line_1_5' title="bbox 23 347 1151 392; baseline -0.002 -9"><span class='ocrx_word' id='word_1_36' title='bbox 23 362 76 385; x_wconf 78' lang='lat' dir='ltr'><strong>tur</strong></span> <span class='ocrx_word' id='word_1_37' title='bbox 107 351 175 384; x_wconf 83' lang='lat' dir='ltr'><strong>dies</strong></span> <span class='ocrx_word' id='word_1_38' title='bbox 205 351 298 390; x_wconf 83' lang='lat' dir='ltr'><strong>sesti,</strong></span> <span class='ocrx_word' id='word_1_39' title='bbox 336 349 423 391; x_wconf 83' lang='lat' dir='ltr'><strong>erige</strong></span> <span class='ocrx_word' id='word_1_40' title='bbox 455 347 652 392; x_wconf 80' lang='lat' dir='ltr'><strong>paululum,</strong></span> <span class='ocrx_word' id='word_1_41' title='bbox 682 348 708 381; x_wconf 92' lang='lat' dir='ltr'><strong>si</strong></span> <span class='ocrx_word' id='word_1_42' title='bbox 739 357 854 392; x_wconf 84' lang='lat' dir='ltr'><strong>potes,</strong></span> <span class='ocrx_word' id='word_1_43' title='bbox 884 361 998 381; x_wconf 86' lang='lat' dir='ltr'><strong>sensus</strong></span> <span class='ocrx_word' id='word_1_44' title='bbox 1027 357 1105 381; x_wconf 87' lang='lat' dir='ltr'><strong>tuos</strong></span> <span class='ocrx_word' id='word_1_45' title='bbox 1130 354 1151 381; x_wconf 73' lang='lat' dir='ltr'><strong>a&#39;</strong></span> 
     </span>
     <span class='ocr_line' id='line_1_6' title="bbox 22 409 1147 454; baseline -0.003 -10"><span class='ocrx_word' id='word_1_46' title='bbox 22 421 125 451; x_wconf 81' lang='lat' dir='ltr'><strong>terra,</strong></span> <span class='ocrx_word' id='word_1_47' title='bbox 150 421 182 444; x_wconf 84' lang='lat' dir='ltr'><strong>et</strong></span> <span class='ocrx_word' id='word_1_48' title='bbox 206 410 402 445; x_wconf 78' lang='lat' dir='ltr'>obliviscere</span> <span class='ocrx_word' id='word_1_49' title='bbox 421 410 591 454; x_wconf 82' lang='lat' dir='ltr'><strong>paulisper</strong></span> <span class='ocrx_word' id='word_1_50' title='bbox 614 409 714 450; x_wconf 81' lang='lat' dir='ltr'><strong>haec,</strong></span> <span class='ocrx_word' id='word_1_51' title='bbox 739 422 824 454; x_wconf 81' lang='lat' dir='ltr'><strong>quae</strong></span> <span class='ocrx_word' id='word_1_52' title='bbox 849 409 1018 442; x_wconf 78' lang='lat' dir='ltr'><strong>habentur</strong></span> <span class='ocrx_word' id='word_1_53' title='bbox 1038 409 1077 442; x_wconf 86' lang='lat' dir='ltr'><strong>in</strong></span> <span class='ocrx_word' id='word_1_54' title='bbox 1097 410 1147 444; x_wconf 82' lang='lat' dir='ltr'><strong>fa-</strong></span> 
     </span>
     <span class='ocr_line' id='line_1_7' title="bbox 6 470 1149 514; baseline -0.001 -10"><span class='ocrx_word' id='word_1_55' title='bbox 6 471 80 511; x_wconf 57' lang='lat' dir='ltr'><strong>,cie.</strong></span> <span class='ocrx_word' id='word_1_56' title='bbox 127 472 292 506; x_wconf 83' lang='lat' dir='ltr'><strong>Describe</strong></span> <span class='ocrx_word' id='word_1_57' title='bbox 316 485 395 505; x_wconf 85' lang='lat' dir='ltr'><strong>vero</strong></span> <span class='ocrx_word' id='word_1_58' title='bbox 420 470 501 511; x_wconf 84' lang='lat' dir='ltr'><strong>tibi,</strong></span> <span class='ocrx_word' id='word_1_59' title='bbox 525 471 704 514; x_wconf 89' lang='lat' dir='ltr'><strong>quomodo</strong></span> <span class='ocrx_word' id='word_1_60' title='bbox 731 471 864 504; x_wconf 84' lang='lat' dir='ltr'><strong>coelum</strong></span> <span class='ocrx_word' id='word_1_61' title='bbox 891 479 930 503; x_wconf 37' lang='lat' dir='ltr'><strong>et*</strong></span> <span class='ocrx_word' id='word_1_62' title='bbox 944 479 1033 504; x_wconf 81' lang='lat' dir='ltr'><strong>terra</strong></span> <span class='ocrx_word' id='word_1_63' title='bbox 1056 479 1149 503; x_wconf 84' lang='lat' dir='ltr'><strong>tran-</strong></span> 
     </span>
     <span class='ocr_line' id='line_1_8' title="bbox 17 531 1147 573; baseline -0.004 -6"><span class='ocrx_word' id='word_1_64' title='bbox 17 542 129 573; x_wconf 84' lang='lat' dir='ltr'><strong>seant,</strong></span> <span class='ocrx_word' id='word_1_65' title='bbox 162 543 194 567; x_wconf 83' lang='lat' dir='ltr'><strong>et</strong></span> <span class='ocrx_word' id='word_1_66' title='bbox 218 534 334 568; x_wconf 79' lang='lat' dir='ltr'><strong>transit</strong></span> <span class='ocrx_word' id='word_1_67' title='bbox 359 533 468 565; x_wconf 87' lang='lat' dir='ltr'><strong>omnis</strong></span> <span class='ocrx_word' id='word_1_68' title='bbox 494 532 548 566; x_wconf 82' lang='lat' dir='ltr'><strong>hie</strong></span> <span class='ocrx_word' id='word_1_69' title='bbox 574 531 706 564; x_wconf 82' lang='lat' dir='ltr'><strong>habitus</strong></span> <span class='ocrx_word' id='word_1_70' title='bbox 731 531 871 571; x_wconf 86' lang='lat' dir='ltr'><strong>mundi,</strong></span> <span class='ocrx_word' id='word_1_71' title='bbox 900 532 1034 564; x_wconf 87' lang='lat' dir='ltr'><strong>eoelum</strong></span> <span class='ocrx_word' id='word_1_72' title='bbox 1067 544 1147 564; x_wconf 85' lang='lat' dir='ltr'><strong>vero</strong></span> 
     </span>
     <span class='ocr_line' id='line_1_9' title="bbox 17 592 1150 636; baseline -0.001 -9"><span class='ocrx_word' id='word_1_73' title='bbox 17 608 163 634; x_wconf 84' lang='lat' dir='ltr'><strong>novum,</strong></span> <span class='ocrx_word' id='word_1_74' title='bbox 195 605 226 628; x_wconf 85' lang='lat' dir='ltr'><strong>et</strong></span> <span class='ocrx_word' id='word_1_75' title='bbox 248 605 336 628; x_wconf 85' lang='lat' dir='ltr'><strong>terra</strong></span> <span class='ocrx_word' id='word_1_76' title='bbox 361 608 448 627; x_wconf 80' lang='lat' dir='ltr'><strong>nova</strong></span> <span class='ocrx_word' id='word_1_77' title='bbox 474 594 646 626; x_wconf 83' lang='lat' dir='ltr'><strong>fundetur.</strong></span> <span class='ocrx_word' id='word_1_78' title='bbox 694 595 823 625; x_wconf 84' lang='lat' dir='ltr'><strong>Amove</strong></span> <span class='ocrx_word' id='word_1_79' title='bbox 847 593 890 625; x_wconf 86' lang='lat' dir='ltr'><strong>de</strong></span> <span class='ocrx_word' id='word_1_80' title='bbox 914 592 1150 636; x_wconf 78' lang='lat' dir='ltr'><strong>conspectibus</strong></span> 
     </span>
     <span class='ocr_line' id='line_1_10' title="bbox 19 650 1147 701; baseline -0.002 -13"><span class='ocrx_word' id='word_1_81' title='bbox 19 655 82 690; x_wconf 88' lang='lat' dir='ltr'><strong>tuis</strong></span> <span class='ocrx_word' id='word_1_82' title='bbox 107 656 206 689; x_wconf 77' lang='lat' dir='ltr'><strong>etiam</strong></span> <span class='ocrx_word' id='word_1_83' title='bbox 229 656 307 690; x_wconf 81' lang='lat' dir='ltr'><strong>solis</strong></span> <span class='ocrx_word' id='word_1_84' title='bbox 332 655 430 701; x_wconf 76' lang='lat' dir='ltr'><strong>liujus</strong></span> <span class='ocrx_word' id='word_1_85' title='bbox 455 650 584 692; x_wconf 74' lang='lat' dir='ltr'><strong>lucem,</strong></span> <span class='ocrx_word' id='word_1_86' title='bbox 615 662 648 685; x_wconf 83' lang='lat' dir='ltr'><strong>ct</strong></span> <span class='ocrx_word' id='word_1_87' title='bbox 672 654 713 686; x_wconf 79' lang='lat' dir='ltr'><strong>da</strong></span> <span class='ocrx_word' id='word_1_88' title='bbox 738 653 787 686; x_wconf 87' lang='lat' dir='ltr'><strong>illi</strong></span> <span class='ocrx_word' id='word_1_89' title='bbox 810 655 960 693; x_wconf 85' lang='lat' dir='ltr'><strong>mundo,</strong></span> <span class='ocrx_word' id='word_1_90' title='bbox 987 654 1044 698; x_wconf 81' lang='lat' dir='ltr'><strong>qui</strong></span> <span class='ocrx_word' id='word_1_91' title='bbox 1067 668 1147 686; x_wconf 85' lang='lat' dir='ltr'><strong>ven-</strong></span> 
     </span>
     <span class='ocr_line' id='line_1_11' title="bbox 22 714 1148 761; baseline -0.003 -12"><span class='ocrx_word' id='word_1_92' title='bbox 22 726 114 750; x_wconf 83' lang='lat' dir='ltr'><strong>turus</strong></span> <span class='ocrx_word' id='word_1_93' title='bbox 138 727 202 757; x_wconf 78' lang='lat' dir='ltr'><strong>est,</strong></span> <span class='ocrx_word' id='word_1_94' title='bbox 227 717 353 761; x_wconf 83' lang='lat' dir='ltr'><strong>solis²)</strong></span> <span class='ocrx_word' id='word_1_95' title='bbox 377 716 567 761; x_wconf 80' lang='lat' dir='ltr'><strong>septuplum</strong></span> <span class='ocrx_word' id='word_1_96' title='bbox 592 715 720 747; x_wconf 81' lang='lat' dir='ltr'><strong>lumen.</strong></span> <span class='ocrx_word' id='word_1_97' title='bbox 768 715 842 748; x_wconf 87' lang='lat' dir='ltr'><strong>Imo</strong></span> <span class='ocrx_word' id='word_1_98' title='bbox 867 714 997 758; x_wconf 85' lang='lat' dir='ltr'><strong>potius,</strong></span> <span class='ocrx_word' id='word_1_99' title='bbox 1027 727 1148 747; x_wconf 87' lang='lat' dir='ltr'><strong>secun-</strong></span> 
     </span>
     <span class='ocr_line' id='line_1_12' title="bbox 21 775 1150 823; baseline -0.003 -12"><span class='ocrx_word' id='word_1_100' title='bbox 21 779 102 811; x_wconf 86' lang='lat' dir='ltr'><strong>dum</strong></span> <span class='ocrx_word' id='word_1_101' title='bbox 140 779 336 823; x_wconf 76' lang='lat' dir='ltr'><strong>Scripturac</strong></span> <span class='ocrx_word' id='word_1_102' title='bbox 372 778 624 816; x_wconf 76' lang='lat' dir='ltr'><strong>auctoritatem,</strong></span> <span class='ocrx_word' id='word_1_103' title='bbox 666 776 777 820; x_wconf 86' lang='lat' dir='ltr'><strong>ipsum</strong></span> <span class='ocrx_word' id='word_1_104' title='bbox 813 777 843 808; x_wconf 87' lang='lat' dir='ltr'><strong>ei</strong></span> <span class='ocrx_word' id='word_1_105' title='bbox 880 775 921 806; x_wconf 81' lang='lat' dir='ltr'><strong>da</strong></span> <span class='ocrx_word' id='word_1_106' title='bbox 958 775 1150 808; x_wconf 87' lang='lat' dir='ltr'><strong>Dominum</strong></span> 
     </span>
     <span class='ocr_line' id='line_1_13' title="bbox 19 836 1150 881; baseline 0 -10"><span class='ocrx_word' id='word_1_107' title='bbox 19 839 141 873; x_wconf 82' lang='lat' dir='ltr'><strong>lucem.</strong></span> <span class='ocrx_word' id='word_1_108' title='bbox 197 839 295 872; x_wconf 85' lang='lat' dir='ltr'><strong>Pone</strong></span> <span class='ocrx_word' id='word_1_109' title='bbox 332 840 497 872; x_wconf 76' lang='lat' dir='ltr'><strong>adstantes</strong></span> <span class='ocrx_word' id='word_1_110' title='bbox 534 837 670 878; x_wconf 78' lang='lat' dir='ltr'>angelos</span> <span class='ocrx_word' id='word_1_111' title='bbox 703 836 846 878; x_wconf 79' lang='lat' dir='ltr'><strong>gloriae,</strong></span> <span class='ocrx_word' id='word_1_112' title='bbox 880 849 972 881; x_wconf 84' lang='lat' dir='ltr'><strong>pone</strong></span> <span class='ocrx_word' id='word_1_113' title='bbox 1004 837 1150 877; x_wconf 84' lang='lat' dir='ltr'><strong>virtutes,</strong></span> 
     </span>
     <span class='ocr_line' id='line_1_14' title="bbox 19 898 1149 954; baseline -0.002 -21"><span class='ocrx_word' id='word_1_114' title='bbox 19 909 214 954; x_wconf 77' lang='lat' dir='ltr'><strong>potestates,</strong></span> <span class='ocrx_word' id='word_1_115' title='bbox 244 902 354 939; x_wconf 81' lang='lat' dir='ltr'><strong>sedes,</strong></span> <span class='ocrx_word' id='word_1_116' title='bbox 379 898 646 937; x_wconf 78' lang='lat' dir='ltr'>dominationes,</span> <span class='ocrx_word' id='word_1_117' title='bbox 679 908 779 945; x_wconf 77' lang='lat' dir='ltr'><strong>atque</strong></span> <span class='ocrx_word' id='word_1_118' title='bbox 803 910 906 931; x_wconf 87' lang='lat' dir='ltr'><strong>omne</strong></span> <span class='ocrx_word' id='word_1_119' title='bbox 928 911 1056 931; x_wconf 87' lang='lat' dir='ltr'><strong>nomen</strong></span> <span class='ocrx_word' id='word_1_120' title='bbox 1080 900 1149 934; x_wconf 84' lang='lat' dir='ltr'><strong>cla-</strong></span> 
     </span>
     <span class='ocr_line' id='line_1_15' title="bbox 20 960 1150 1006; baseline -0.002 -11"><span class='ocrx_word' id='word_1_121' title='bbox 20 961 226 995; x_wconf 77' lang='lat' dir='ltr'><strong>rissimarum</strong></span> <span class='ocrx_word' id='word_1_122' title='bbox 251 961 515 1006; x_wconf 84' lang='lat' dir='ltr'><strong>coelestiumque</strong></span> <span class='ocrx_word' id='word_1_123' title='bbox 539 960 718 1000; x_wconf 78' lang='lat' dir='ltr'><strong>virtutum,</strong></span> <span class='ocrx_word' id='word_1_124' title='bbox 747 973 820 993; x_wconf 87' lang='lat' dir='ltr'><strong>non</strong></span> <span class='ocrx_word' id='word_1_125' title='bbox 852 960 964 993; x_wconf 90' lang='lat' dir='ltr'><strong>solum</strong></span> <span class='ocrx_word' id='word_1_126' title='bbox 996 961 1091 1005; x_wconf 90' lang='lat' dir='ltr'><strong>quod</strong></span> <span class='ocrx_word' id='word_1_127' title='bbox 1114 960 1150 993; x_wconf 88' lang='lat' dir='ltr'><strong>in</strong></span> 
     </span>
     <span class='ocr_line' id='line_1_16' title="bbox 19 1020 1152 1068; baseline 0 -13"><span class='ocrx_word' id='word_1_128' title='bbox 19 1023 186 1068; x_wconf 79' lang='lat' dir='ltr'><strong>praesenti</strong></span> <span class='ocrx_word' id='word_1_129' title='bbox 209 1024 344 1056; x_wconf 83' lang='lat' dir='ltr'><strong>saeculo</strong></span> <span class='ocrx_word' id='word_1_130' title='bbox 369 1022 581 1060; x_wconf 72' lang='lat' dir='ltr'><strong>nominatur,</strong></span> <span class='ocrx_word' id='word_1_131' title='bbox 612 1022 671 1054; x_wconf 83' lang='lat' dir='ltr'><strong>sed</strong></span> <span class='ocrx_word' id='word_1_132' title='bbox 704 1022 797 1066; x_wconf 85' lang='lat' dir='ltr'><strong>quod</strong></span> <span class='ocrx_word' id='word_1_133' title='bbox 829 1020 928 1054; x_wconf 83' lang='lat' dir='ltr'><strong>ctiam</strong></span> <span class='ocrx_word' id='word_1_134' title='bbox 960 1022 995 1054; x_wconf 84' lang='lat' dir='ltr'><strong>in</strong></span> <span class='ocrx_word' id='word_1_135' title='bbox 1023 1024 1152 1055; x_wconf 84' lang='lat' dir='ltr'><strong>futuro.</strong></span> 
     </span>
     <span class='ocr_line' id='line_1_17' title="bbox 20 1082 1151 1128; baseline -0.001 -11"><span class='ocrx_word' id='word_1_136' title='bbox 20 1085 111 1118; x_wconf 83' lang='lat' dir='ltr'><strong>Inter</strong></span> <span class='ocrx_word' id='word_1_137' title='bbox 134 1085 197 1118; x_wconf 81' lang='lat' dir='ltr'><strong>hos</strong></span> <span class='ocrx_word' id='word_1_138' title='bbox 222 1098 339 1118; x_wconf 87' lang='lat' dir='ltr'><strong>omues</strong></span> <span class='ocrx_word' id='word_1_139' title='bbox 364 1083 550 1123; x_wconf 81' lang='lat' dir='ltr'><strong>considera,</strong></span> <span class='ocrx_word' id='word_1_140' title='bbox 575 1091 607 1115; x_wconf 82' lang='lat' dir='ltr'><strong>et</strong></span> <span class='ocrx_word' id='word_1_141' title='bbox 631 1082 773 1127; x_wconf 81' lang='lat' dir='ltr'><strong>conjice,</strong></span> <span class='ocrx_word' id='word_1_142' title='bbox 798 1083 975 1128; x_wconf 88' lang='lat' dir='ltr'><strong>quomodo</strong></span> <span class='ocrx_word' id='word_1_143' title='bbox 1001 1084 1052 1126; x_wconf 75' lang='lat' dir='ltr'><strong>agi</strong></span> <span class='ocrx_word' id='word_1_144' title='bbox 1072 1097 1151 1128; x_wconf 90' lang='lat' dir='ltr'><strong>pos—</strong></span> 
     </span>
     <span class='ocr_line' id='line_1_18' title="bbox 20 1143 1153 1189; baseline 0 -11"><span class='ocrx_word' id='word_1_145' title='bbox 20 1146 86 1179; x_wconf 86' lang='lat' dir='ltr'><strong>sint</strong></span> <span class='ocrx_word' id='word_1_146' title='bbox 109 1145 179 1179; x_wconf 88' lang='lat' dir='ltr'><strong>dics</strong></span> <span class='ocrx_word' id='word_1_147' title='bbox 211 1146 284 1179; x_wconf 81' lang='lat' dir='ltr'><strong>festi</strong></span> <span class='ocrx_word' id='word_1_148' title='bbox 307 1143 470 1177; x_wconf 78' lang='lat' dir='ltr'><strong>Domini:</strong></span> <span class='ocrx_word' id='word_1_149' title='bbox 504 1156 590 1188; x_wconf 81' lang='lat' dir='ltr'><strong>quae</strong></span> <span class='ocrx_word' id='word_1_150' title='bbox 620 1143 667 1175; x_wconf 80' lang='lat' dir='ltr'><strong>ibi</strong></span> <span class='ocrx_word' id='word_1_151' title='bbox 698 1143 873 1183; x_wconf 80' lang='lat' dir='ltr'><strong>festivitas,</strong></span> <span class='ocrx_word' id='word_1_152' title='bbox 904 1157 990 1189; x_wconf 86' lang='lat' dir='ltr'><strong>quae</strong></span> <span class='ocrx_word' id='word_1_153' title='bbox 1020 1146 1153 1186; x_wconf 79' lang='lat' dir='ltr'><strong>gaudia,</strong></span> 
     </span>
     <span class='ocr_line' id='line_1_19' title="bbox 23 1204 1154 1252; baseline -0.002 -11"><span class='ocrx_word' id='word_1_154' title='bbox 23 1220 109 1252; x_wconf 83' lang='lat' dir='ltr'><strong>quae</strong></span> <span class='ocrx_word' id='word_1_155' title='bbox 132 1207 278 1240; x_wconf 82' lang='lat' dir='ltr'><strong>laetitiae</strong></span> <span class='ocrx_word' id='word_1_156' title='bbox 301 1205 509 1248; x_wconf 81' lang='lat' dir='ltr'>magnitudo.</span> <span class='ocrx_word' id='word_1_157' title='bbox 547 1205 633 1237; x_wconf 75' lang='lat' dir='ltr'><strong>Nam</strong></span> <span class='ocrx_word' id='word_1_158' title='bbox 659 1204 702 1237; x_wconf 87' lang='lat' dir='ltr'><strong>de</strong></span> <span class='ocrx_word' id='word_1_159' title='bbox 726 1205 775 1244; x_wconf 83' lang='lat' dir='ltr'><strong>iis,</strong></span> <span class='ocrx_word' id='word_1_160' title='bbox 801 1205 931 1250; x_wconf 77' lang='lat' dir='ltr'><strong>quas3)</strong></span> <span class='ocrx_word' id='word_1_161' title='bbox 945 1219 1048 1251; x_wconf 86' lang='lat' dir='ltr'><strong>supra</strong></span> <span class='ocrx_word' id='word_1_162' title='bbox 1070 1207 1154 1239; x_wconf 80' lang='lat' dir='ltr'><strong>dixi—</strong></span> 
     </span>
     <span class='ocr_line' id='line_1_20' title="bbox 23 1265 1158 1313; baseline -0.001 -11"><span class='ocrx_word' id='word_1_163' title='bbox 23 1283 114 1309; x_wconf 89' lang='lat' dir='ltr'><strong>mus,</strong></span> <span class='ocrx_word' id='word_1_164' title='bbox 145 1268 376 1313; x_wconf 84' lang='lat' dir='ltr'><strong>spiritualibus</strong></span> <span class='ocrx_word' id='word_1_165' title='bbox 408 1265 655 1306; x_wconf 77' lang='lat' dir='ltr'><strong>festivitatibus,</strong></span> <span class='ocrx_word' id='word_1_166' title='bbox 694 1266 822 1299; x_wconf 81' lang='lat' dir='ltr'><strong>etiamsi</strong></span> <span class='ocrx_word' id='word_1_167' title='bbox 854 1279 997 1308; x_wconf 79' lang='lat' dir='ltr'><strong>magnae</strong></span> <span class='ocrx_word' id='word_1_168' title='bbox 1027 1268 1095 1301; x_wconf 86' lang='lat' dir='ltr'><strong>sint</strong></span> <span class='ocrx_word' id='word_1_169' title='bbox 1125 1278 1158 1301; x_wconf 84' lang='lat' dir='ltr'><strong>et</strong></span> 
     </span>
     <span class='ocr_line' id='line_1_21' title="bbox 23 1327 1160 1374; baseline 0 -11"><span class='ocrx_word' id='word_1_170' title='bbox 23 1343 138 1369; x_wconf 85' lang='lat' dir='ltr'><strong>verae,</strong></span> <span class='ocrx_word' id='word_1_171' title='bbox 174 1330 357 1374; x_wconf 81' lang='lat' dir='ltr'><strong>praecipue</strong></span> <span class='ocrx_word' id='word_1_172' title='bbox 398 1342 474 1361; x_wconf 88' lang='lat' dir='ltr'><strong>cum</strong></span> <span class='ocrx_word' id='word_1_173' title='bbox 508 1327 725 1372; x_wconf 79' lang='lat' dir='ltr'><strong>spiritualiter</strong></span> <span class='ocrx_word' id='word_1_174' title='bbox 758 1337 921 1369; x_wconf 86' lang='lat' dir='ltr'><strong>geruntur</strong></span> <span class='ocrx_word' id='word_1_175' title='bbox 959 1328 995 1362; x_wconf 90' lang='lat' dir='ltr'><strong>in</strong></span> <span class='ocrx_word' id='word_1_176' title='bbox 1035 1331 1160 1370; x_wconf 78' lang='lat' dir='ltr'><strong>anima,</strong></span> 
     </span>
     <span class='ocr_line' id='line_1_22' title="bbox 22 1389 1159 1434; baseline 0 -10"><span class='ocrx_word' id='word_1_177' title='bbox 22 1403 144 1433; x_wconf 82' lang='lat' dir='ltr'><strong>magna</strong></span> <span class='ocrx_word' id='word_1_178' title='bbox 166 1399 279 1423; x_wconf 76' lang='lat' dir='ltr'><strong>tamen</strong></span> <span class='ocrx_word' id='word_1_179' title='bbox 304 1403 341 1422; x_wconf 85' lang='lat' dir='ltr'><strong>ex</strong></span> <span class='ocrx_word' id='word_1_180' title='bbox 366 1398 462 1434; x_wconf 86' lang='lat' dir='ltr'><strong>parte</strong></span> <span class='ocrx_word' id='word_1_181' title='bbox 488 1398 576 1426; x_wconf 84' lang='lat' dir='ltr'><strong>sunt,</strong></span> <span class='ocrx_word' id='word_1_182' title='bbox 600 1402 671 1421; x_wconf 85' lang='lat' dir='ltr'><strong>non</strong></span> <span class='ocrx_word' id='word_1_183' title='bbox 697 1401 734 1420; x_wconf 88' lang='lat' dir='ltr'><strong>ex</strong></span> <span class='ocrx_word' id='word_1_184' title='bbox 758 1389 900 1431; x_wconf 85' lang='lat' dir='ltr'><strong>integro.</strong></span> <span class='ocrx_word' id='word_1_185' title='bbox 948 1389 1045 1423; x_wconf 88' lang='lat' dir='ltr'><strong>Sicut</strong></span> <span class='ocrx_word' id='word_1_186' title='bbox 1069 1391 1159 1424; x_wconf 88' lang='lat' dir='ltr'><strong>enim</strong></span> 
     </span>
     <span class='ocr_line' id='line_1_23' title="bbox 24 1446 1162 1497; baseline -0.001 -11"><span class='ocrx_word' id='word_1_187' title='bbox 24 1453 107 1486; x_wconf 81' lang='lat' dir='ltr'><strong>dixit</strong></span> <span class='ocrx_word' id='word_1_188' title='bbox 136 1453 339 1497; x_wconf 78' lang='lat' dir='ltr'><strong>Apostolus,</strong></span> <span class='ocrx_word' id='word_1_189' title='bbox 374 1446 550 1496; x_wconf 40' lang='lat' dir='ltr'><strong>quia‘‚,ex</strong></span> <span class='ocrx_word' id='word_1_190' title='bbox 565 1449 600 1493; x_wconf 69' lang='lat'><strong>4)</strong></span> <span class='ocrx_word' id='word_1_191' title='bbox 632 1459 727 1495; x_wconf 80' lang='lat' dir='ltr'><strong>parte</strong></span> <span class='ocrx_word' id='word_1_192' title='bbox 757 1450 898 1490; x_wconf 88' lang='lat' dir='ltr'><strong>scimus,</strong></span> <span class='ocrx_word' id='word_1_193' title='bbox 930 1461 962 1484; x_wconf 87' lang='lat' dir='ltr'><strong>et</strong></span> <span class='ocrx_word' id='word_1_194' title='bbox 993 1464 1030 1484; x_wconf 84' lang='lat' dir='ltr'><strong>ex</strong></span> <span class='ocrx_word' id='word_1_195' title='bbox 1063 1461 1162 1496; x_wconf 83' lang='lat' dir='ltr'><strong>parte</strong></span> 
     </span>
     <span class='ocr_line' id='line_1_24' title="bbox 23 1509 1159 1558; baseline 0 -12"><span class='ocrx_word' id='word_1_196' title='bbox 23 1509 312 1558; x_wconf 75' lang='lat' dir='ltr'><strong>prophetamus:“</strong></span> <span class='ocrx_word' id='word_1_197' title='bbox 351 1513 396 1546; x_wconf 83' lang='lat' dir='ltr'><strong>ita</strong></span> <span class='ocrx_word' id='word_1_198' title='bbox 422 1525 632 1557; x_wconf 86' lang='lat' dir='ltr'><strong>consequens</strong></span> <span class='ocrx_word' id='word_1_199' title='bbox 656 1520 722 1550; x_wconf 85' lang='lat' dir='ltr'><strong>est,</strong></span> <span class='ocrx_word' id='word_1_200' title='bbox 753 1520 789 1544; x_wconf 84' lang='lat' dir='ltr'><strong>ut</strong></span> <span class='ocrx_word' id='word_1_201' title='bbox 813 1525 851 1545; x_wconf 82' lang='lat' dir='ltr'><strong>ex</strong></span> <span class='ocrx_word' id='word_1_202' title='bbox 874 1521 971 1557; x_wconf 85' lang='lat' dir='ltr'><strong>parte</strong></span> <span class='ocrx_word' id='word_1_203' title='bbox 995 1512 1159 1551; x_wconf 68' lang='lat' dir='ltr'><strong>dieurfe-</strong></span> 
     </span>
     <span class='ocr_line' id='line_1_25' title="bbox 23 1568 1158 1616; baseline 0 -8"><span class='ocrx_word' id='word_1_204' title='bbox 23 1584 110 1608; x_wconf 82' lang='lat' dir='ltr'><strong>stum</strong></span> <span class='ocrx_word' id='word_1_205' title='bbox 135 1587 300 1616; x_wconf 72' lang='lat' dir='ltr'><strong>geramuS.</strong></span> <span class='ocrx_word' id='word_1_206' title='bbox 346 1574 529 1616; x_wconf 64' lang='lat' dir='ltr'><strong>Utautem</strong></span> <span class='ocrx_word' id='word_1_207' title='bbox 555 1574 654 1612; x_wconf 83' lang='lat' dir='ltr'><strong>scias,</strong></span> <span class='ocrx_word' id='word_1_208' title='bbox 685 1573 768 1606; x_wconf 82' lang='lat' dir='ltr'><strong>haec</strong></span> <span class='ocrx_word' id='word_1_209' title='bbox 791 1573 836 1607; x_wconf 84' lang='lat' dir='ltr'><strong>ita</strong></span> <span class='ocrx_word' id='word_1_210' title='bbox 862 1587 949 1614; x_wconf 82' lang='lat' dir='ltr'><strong>esse,</strong></span> <span class='ocrx_word' id='word_1_211' title='bbox 980 1568 1158 1616; x_wconf 58' lang='lat' dir='ltr'><strong>redeamus</strong></span> 
     </span>
     <span class='ocr_line' id='line_1_26' title="bbox 24 1635 1159 1681; baseline 0 -12"><span class='ocrx_word' id='word_1_212' title='bbox 24 1637 67 1669; x_wconf 85' lang='lat' dir='ltr'><strong>ad</strong></span> <span class='ocrx_word' id='word_1_213' title='bbox 102 1636 206 1681; x_wconf 86' lang='lat' dir='ltr'><strong>ipsius</strong></span> <span class='ocrx_word' id='word_1_214' title='bbox 241 1636 341 1670; x_wconf 85' lang='lat' dir='ltr'><strong>Pauli</strong></span> <span class='ocrx_word' id='word_1_215' title='bbox 374 1648 582 1674; x_wconf 85' lang='lat' dir='ltr'><strong>sermonem,</strong></span> <span class='ocrx_word' id='word_1_216' title='bbox 625 1647 726 1679; x_wconf 83' lang='lat' dir='ltr'><strong>quem</strong></span> <span class='ocrx_word' id='word_1_217' title='bbox 763 1636 805 1668; x_wconf 87' lang='lat' dir='ltr'><strong>de</strong></span> <span class='ocrx_word' id='word_1_218' title='bbox 843 1635 962 1669; x_wconf 87' lang='lat' dir='ltr'><strong>diebus</strong></span> <span class='ocrx_word' id='word_1_219' title='bbox 997 1636 1089 1669; x_wconf 85' lang='lat' dir='ltr'><strong>festis</strong></span> <span class='ocrx_word' id='word_1_220' title='bbox 1125 1646 1159 1670; x_wconf 85' lang='lat' dir='ltr'><strong>et</strong></span> 
     </span>
     <span class='ocr_line' id='line_1_27' title="bbox 24 1696 1157 1742; baseline 0 -11"><span class='ocrx_word' id='word_1_221' title='bbox 24 1697 214 1731; x_wconf 86' lang='lat' dir='ltr'><strong>neomeniis</strong></span> <span class='ocrx_word' id='word_1_222' title='bbox 244 1696 375 1742; x_wconf 83' lang='lat' dir='ltr'><strong>posuit:</strong></span> <span class='ocrx_word' id='word_1_223' title='bbox 408 1705 439 1729; x_wconf 91' lang='lat' dir='ltr'><strong>et</strong></span> <span class='ocrx_word' id='word_1_224' title='bbox 470 1696 562 1737; x_wconf 65' lang='lat' dir='ltr'><strong>vide,</strong></span> <span class='ocrx_word' id='word_1_225' title='bbox 595 1698 774 1740; x_wconf 85' lang='lat' dir='ltr'><strong>quomodo</strong></span> <span class='ocrx_word' id='word_1_226' title='bbox 809 1697 1026 1730; x_wconf 83' lang='lat' dir='ltr'><strong>observanter</strong></span> <span class='ocrx_word' id='word_1_227' title='bbox 1057 1697 1157 1731; x_wconf 84' lang='lat' dir='ltr'><strong>dixit:</strong></span> 
     </span>
     <span class='ocr_line' id='line_1_28' title="bbox 25 1756 1159 1803; baseline 0 -11"><span class='ocrx_word' id='word_1_228' title='bbox 25 1772 147 1799; x_wconf 89' lang='lat' dir='ltr'><strong>„nemo</strong></span> <span class='ocrx_word' id='word_1_229' title='bbox 162 1759 198 1803; x_wconf 77' lang='lat'><strong>⁵)</strong></span> <span class='ocrx_word' id='word_1_230' title='bbox 223 1771 320 1800; x_wconf 87' lang='lat' dir='ltr'><strong>ergo,</strong></span> <span class='ocrx_word' id='word_1_231' title='bbox 347 1759 402 1798; x_wconf 74' lang='lat' dir='ltr'><strong>ait,</strong></span> <span class='ocrx_word' id='word_1_232' title='bbox 424 1771 482 1790; x_wconf 81' lang='lat' dir='ltr'><strong>vos</strong></span> <span class='ocrx_word' id='word_1_233' title='bbox 506 1756 632 1802; x_wconf 84' lang='lat' dir='ltr'><strong>judicet</strong></span> <span class='ocrx_word' id='word_1_234' title='bbox 655 1758 687 1790; x_wconf 86' lang='lat' dir='ltr'><strong>iu</strong></span> <span class='ocrx_word' id='word_1_235' title='bbox 715 1758 811 1798; x_wconf 90' lang='lat' dir='ltr'><strong>cibo,</strong></span> <span class='ocrx_word' id='word_1_236' title='bbox 835 1766 892 1790; x_wconf 87' lang='lat' dir='ltr'><strong>aut</strong></span> <span class='ocrx_word' id='word_1_237' title='bbox 914 1757 950 1791; x_wconf 90' lang='lat' dir='ltr'><strong>in</strong></span> <span class='ocrx_word' id='word_1_238' title='bbox 973 1767 1078 1802; x_wconf 91' lang='lat' dir='ltr'><strong>potu,</strong></span> <span class='ocrx_word' id='word_1_239' title='bbox 1100 1768 1159 1792; x_wconf 84' lang='lat' dir='ltr'><strong>aut</strong></span> 
     </span>
     <span class='ocr_line' id='line_1_29' title="bbox 24 1817 1156 1864; baseline 0 -11"><span class='ocrx_word' id='word_1_240' title='bbox 24 1820 60 1853; x_wconf 89' lang='lat' dir='ltr'><strong>in</strong></span> <span class='ocrx_word' id='word_1_241' title='bbox 84 1828 179 1864; x_wconf 84' lang='lat' dir='ltr'><strong>parte</strong></span> <span class='ocrx_word' id='word_1_242' title='bbox 203 1819 269 1852; x_wconf 88' lang='lat' dir='ltr'><strong>diei</strong></span> <span class='ocrx_word' id='word_1_243' title='bbox 294 1819 406 1853; x_wconf 86' lang='lat' dir='ltr'><strong>festi.“</strong></span> <span class='ocrx_word' id='word_1_244' title='bbox 453 1820 597 1852; x_wconf 82' lang='lat' dir='ltr'><strong>Attende</strong></span> <span class='ocrx_word' id='word_1_245' title='bbox 626 1831 704 1860; x_wconf 85' lang='lat' dir='ltr'><strong>ergo</strong></span> <span class='ocrx_word' id='word_1_246' title='bbox 737 1817 946 1861; x_wconf 85' lang='lat' dir='ltr'><strong>diligentius,</strong></span> <span class='ocrx_word' id='word_1_247' title='bbox 975 1821 1156 1863; x_wconf 89' lang='lat' dir='ltr'><strong>quomodo</strong></span> 
     </span>
     <span class='ocr_line' id='line_1_30' title="bbox 26 1878 1157 1924; baseline -0.001 -11"><span class='ocrx_word' id='word_1_248' title='bbox 26 1893 98 1914; x_wconf 87' lang='lat' dir='ltr'><strong>non</strong></span> <span class='ocrx_word' id='word_1_249' title='bbox 124 1881 206 1913; x_wconf 81' lang='lat' dir='ltr'><strong>dixit</strong></span> <span class='ocrx_word' id='word_1_250' title='bbox 230 1881 292 1920; x_wconf 88' lang='lat' dir='ltr'><strong>„in</strong></span> <span class='ocrx_word' id='word_1_251' title='bbox 317 1880 372 1913; x_wconf 88' lang='lat' dir='ltr'><strong>die</strong></span> <span class='ocrx_word' id='word_1_252' title='bbox 395 1882 524 1920; x_wconf 79' lang='lat' dir='ltr'><strong>sesto,“</strong></span> <span class='ocrx_word' id='word_1_253' title='bbox 557 1881 615 1912; x_wconf 88' lang='lat' dir='ltr'><strong>sed</strong></span> <span class='ocrx_word' id='word_1_254' title='bbox 639 1905 659 1920; x_wconf 81' lang='lat'><strong>‚‚</strong></span> <span class='ocrx_word' id='word_1_255' title='bbox 670 1878 705 1912; x_wconf 90' lang='lat' dir='ltr'><strong>in</strong></span> <span class='ocrx_word' id='word_1_256' title='bbox 728 1888 824 1924; x_wconf 82' lang='lat' dir='ltr'><strong>parte</strong></span> <span class='ocrx_word' id='word_1_257' title='bbox 848 1878 915 1912; x_wconf 86' lang='lat' dir='ltr'><strong>diei</strong></span> <span class='ocrx_word' id='word_1_258' title='bbox 938 1879 1052 1913; x_wconf 83' lang='lat' dir='ltr'><strong>festi.“</strong></span> <span class='ocrx_word' id='word_1_259' title='bbox 1105 1880 1157 1913; x_wconf 83' lang='lat' dir='ltr'><strong>Ex</strong></span> 
     </span>
     <span class='ocr_line' id='line_1_31' title="bbox 10 1939 1155 1986; baseline 0 -12"><span class='ocrx_word' id='word_1_260' title='bbox 10 1951 122 1986; x_wconf 67' lang='lat' dir='ltr'><strong>&#39;parte</strong></span> <span class='ocrx_word' id='word_1_261' title='bbox 145 1941 246 1981; x_wconf 88' lang='lat' dir='ltr'><strong>enim,</strong></span> <span class='ocrx_word' id='word_1_262' title='bbox 270 1950 302 1974; x_wconf 87' lang='lat' dir='ltr'><strong>et</strong></span> <span class='ocrx_word' id='word_1_263' title='bbox 326 1954 397 1974; x_wconf 89' lang='lat' dir='ltr'><strong>non</strong></span> <span class='ocrx_word' id='word_1_264' title='bbox 421 1954 458 1974; x_wconf 83' lang='lat' dir='ltr'><strong>ex</strong></span> <span class='ocrx_word' id='word_1_265' title='bbox 480 1941 622 1982; x_wconf 86' lang='lat' dir='ltr'><strong>integro,</strong></span> <span class='ocrx_word' id='word_1_266' title='bbox 647 1939 737 1974; x_wconf 85' lang='lat' dir='ltr'><strong>diem</strong></span> <span class='ocrx_word' id='word_1_267' title='bbox 752 1941 874 1974; x_wconf 85' lang='lat' dir='ltr'><strong>festum</strong></span> <span class='ocrx_word' id='word_1_268' title='bbox 890 1940 926 1974; x_wconf 89' lang='lat' dir='ltr'><strong>in</strong></span> <span class='ocrx_word' id='word_1_269' title='bbox 941 1941 1007 1974; x_wconf 88' lang='lat' dir='ltr'><strong>hoc</strong></span> <span class='ocrx_word' id='word_1_270' title='bbox 1022 1941 1155 1974; x_wconf 88' lang='lat' dir='ltr'><strong>mundo</strong></span> 
     </span>
    </p>
   </div>
   <div class='ocr_carea' id='block_1_3' title="bbox 27 2002 1156 2047">
    <p class='ocr_par' dir='ltr' id='par_1_3' title="bbox 27 2002 1156 2047">
     <span class='ocr_line' id='line_1_32' title="bbox 27 2002 1156 2047; baseline 0.001 -12"><span class='ocrx_word' id='word_1_271' title='bbox 27 2002 128 2047; x_wconf 83' lang='lat' dir='ltr'><strong>positi</strong></span> <span class='ocrx_word' id='word_1_272' title='bbox 153 2003 373 2038; x_wconf 77' lang='lat' dir='ltr'><strong>celebramus,</strong></span> <span class='ocrx_word' id='word_1_273' title='bbox 418 2002 679 2047; x_wconf 70' lang='lat' dir='ltr'><strong>Inter-pellamur</strong></span> <span class='ocrx_word' id='word_1_274' title='bbox 702 2002 809 2042; x_wconf 89' lang='lat' dir='ltr'><strong>enim,</strong></span> <span class='ocrx_word' id='word_1_275' title='bbox 835 2002 962 2035; x_wconf 85' lang='lat' dir='ltr'><strong>etiamsi</strong></span> <span class='ocrx_word' id='word_1_276' title='bbox 985 2003 1156 2042; x_wconf 87' lang='lat' dir='ltr'><strong>nolumus,</strong></span> 
     </span>
    </p>
   </div>
   <div class='ocr_carea' id='block_1_4' title="bbox 121 2119 1042 2273">
    <p class='ocr_par' dir='ltr' id='par_1_4' title="bbox 121 2119 1042 2273">
     <span class='ocr_line' id='line_1_33' title="bbox 124 2119 524 2163; baseline 0 -12"><span class='ocrx_word' id='word_1_277' title='bbox 124 2119 159 2163; x_wconf 86' lang='lat'><strong>¹)</strong></span> <span class='ocrx_word' id='word_1_278' title='bbox 182 2119 271 2152; x_wconf 85' lang='lat' dir='ltr'><strong>Edd.</strong></span> <span class='ocrx_word' id='word_1_279' title='bbox 295 2119 452 2152; x_wconf 86' lang='lat' dir='ltr'><strong>Merlini:</strong></span> <span class='ocrx_word' id='word_1_280' title='bbox 477 2119 524 2152; x_wconf 88' lang='lat' dir='ltr'><strong>iis.</strong></span> 
     </span>
     <span class='ocr_line' id='line_1_34' title="bbox 121 2173 1042 2224; baseline -0.001 -17"><span class='ocrx_word' id='word_1_281' title='bbox 121 2174 158 2217; x_wconf 85' lang='lat'><strong>²)</strong></span> <span class='ocrx_word' id='word_1_282' title='bbox 182 2174 280 2208; x_wconf 81' lang='lat' dir='ltr'><strong>Jesai.</strong></span> <span class='ocrx_word' id='word_1_283' title='bbox 302 2174 417 2214; x_wconf 85' lang='lat' dir='ltr'><strong>XXX,</strong></span> <span class='ocrx_word' id='word_1_284' title='bbox 442 2175 496 2209; x_wconf 84' lang='lat'><strong>26.</strong></span> <span class='ocrx_word' id='word_1_285' title='bbox 592 2174 628 2217; x_wconf 79' lang='grc'><strong>3)</strong></span> <span class='ocrx_word' id='word_1_286' title='bbox 652 2173 742 2207; x_wconf 90' lang='lat' dir='ltr'><strong>Edd.</strong></span> <span class='ocrx_word' id='word_1_287' title='bbox 767 2173 921 2224; x_wconf 74' lang='lat' dir='ltr'><strong>Merlini:</strong></span> <span class='ocrx_word' id='word_1_288' title='bbox 946 2186 1042 2218; x_wconf 88' lang='lat' dir='ltr'><strong>quae.</strong></span> 
     </span>
     <span class='ocr_line' id='line_1_35' title="bbox 121 2229 930 2273; baseline 0.002 -12"><span class='ocrx_word' id='word_1_289' title='bbox 121 2229 157 2272; x_wconf 76' lang='lat'><strong>⁴²)</strong></span> <span class='ocrx_word' id='word_1_290' title='bbox 183 2230 196 2261; x_wconf 93' lang='lat' dir='ltr'><strong>l</strong></span> <span class='ocrx_word' id='word_1_291' title='bbox 223 2230 301 2265; x_wconf 87' lang='lat' dir='ltr'><strong>Cor.</strong></span> <span class='ocrx_word' id='word_1_292' title='bbox 325 2229 421 2270; x_wconf 85' lang='lat' dir='ltr'><strong>XIII,</strong></span> <span class='ocrx_word' id='word_1_293' title='bbox 443 2230 475 2263; x_wconf 87' lang='grc'><strong>9.</strong></span> <span class='ocrx_word' id='word_1_294' title='bbox 596 2230 632 2273; x_wconf 77' lang='lat'><strong>⁵)</strong></span> <span class='ocrx_word' id='word_1_295' title='bbox 659 2230 788 2263; x_wconf 90' lang='lat' dir='ltr'><strong>Coloss.</strong></span> <span class='ocrx_word' id='word_1_296' title='bbox 813 2230 854 2270; x_wconf 88' lang='lat'><strong>11,</strong></span> <span class='ocrx_word' id='word_1_297' title='bbox 877 2229 930 2263; x_wconf 84' lang='lat'><strong>16.</strong></span> 
     </span>
    </p>
   </div>
   <div class='ocr_carea' id='block_1_5' title="bbox 35 2306 896 2345">
    <p class='ocr_par' dir='ltr' id='par_1_5' title="bbox 35 2306 896 2345">
     <span class='ocr_line' id='line_1_36' title="bbox 35 2306 896 2345; baseline 0 -6"><span class='ocrx_word' id='word_1_298' title='bbox 35 2306 209 2342; x_wconf 73' lang='lat' dir='ltr'><strong>Omenms</strong></span> <span class='ocrx_word' id='word_1_299' title='bbox 234 2307 372 2343; x_wconf 74' lang='lat' dir='ltr'>OPERA.</span> <span class='ocrx_word' id='word_1_300' title='bbox 397 2307 494 2345; x_wconf 84' lang='lat' dir='ltr'><strong>Tom.</strong></span> <span class='ocrx_word' id='word_1_301' title='bbox 517 2308 560 2340; x_wconf 90' lang='lat' dir='ltr'><strong>X.</strong></span> <span class='ocrx_word' id='word_1_302' title='bbox 851 2307 896 2340; x_wconf 84' lang='lat'><strong>19</strong></span> 
     </span>
    </p>
   </div>
  </div>
 </body>
</html>
