1427 2460
366 79 404 102 m
426 68 606 101 Nummos
630 63 791 97 Humum
811 63 888 97 XX,
1126 69 1193 104 257

55 162 214 196 ecclesiae
246 160 434 205 culpantur.
487 153 524 188 Si
558 153 646 187 enim
678 154 871 187 mercedem
903 165 1015 200 sperat
1043 159 1189 200 angelus,

54 222 146 257 verbi
171 221 291 265 gratian,
323 219 380 264 qu‘i
402 230 457 250 me
481 215 716 258 consignatum
743 216 871 261 accepit
895 230 912 250 a
937 216 1026 258 Deo,
1050 232 1114 263 pro
1139 219 1189 262 iis,

54 296 141 330 quae
163 284 251 316 bene
276 279 373 323 gessi,
399 287 526 313 certum
553 286 611 318 est,
635 276 713 321 quia
738 285 770 309 et
794 278 926 323 culpari
948 279 1096 323 sperabit
1120 294 1186 325 pro

53 345 107 385 iis,
137 355 222 389 quae
252 356 271 375 a
294 344 357 374 me
385 353 459 374 non
490 340 579 372 bene
610 347 696 381 gesta
721 347 808 372 sunt.
855 339 899 371 Et
922 339 1001 372 ideo
1027 340 1187 376 ostentari

53 407 211 439 dicuntur
235 413 352 436 contra
376 403 505 440 solem,
527 400 652 445 procul
678 399 785 433 dubio
810 409 847 433 ut
871 411 1048 445 appareat,
1071 413 1186 438 utrum

47 480 113 514 pro
137 478 213 499 mea
236 463 488 504 inobedientia,
522 475 564 495 an
588 474 651 506 per
674 461 762 494 illius
786 461 1021 505 negligentiam
1046 476 1184 509 peccata

48 526 225 562 commissa
257 525 342 566 sint,
379 538 440 570 per
474 537 559 569 quae
589 522 821 568 Beelphegor,
859 523 926 557 sive
957 524 1095 559 cuilibet
1127 527 1185 561 alii

45 589 140 622 idolo
179 601 242 633 pro
294 585 454 632 qualitate
508 583 634 618 scilicet
690 583 857 628 peccandi
901 597 1125 621 consecrat-cr.
1147 588 1183 634 ¹)

46 649 152 694 Quod
182 650 209 683 si
238 647 396 693 princeps
431 660 544 686 meus,
567 665 611 670 —
636 645 792 687 angelum
818 645 915 685 dico,
945 647 1004 690 qui
1028 648 1112 681 mihi
1135 659 1184 684 est

46 709 260 751 consignatus
285 729 338 749 —,
362 722 435 742 non
468 707 593 747 defuit,
618 707 677 739 sed
697 707 912 739 commonuit
936 708 979 739 de
1002 709 1118 750 bonis,
1150 720 1183 744 et

43 772 176 804 locutus
209 780 256 804 est
284 770 319 803 in
347 772 451 804 corde
481 782 578 809 meo,
614 767 649 800 in
684 780 724 800 eo
750 768 929 807 duntaxat,
964 767 999 800 in
1031 782 1100 814 quo
1124 785 1181 806 me

43 831 245 865 conscientia
279 832 456 865 revocabat
486 844 504 864 a
537 838 701 875 peccato,
730 830 789 862 sed
822 842 883 871 ego
908 832 1087 865 contemtis
1111 832 1181 880 ejus

40 892 197 936 monitis,
235 902 268 926 et
301 903 415 939 spreto
455 889 677 926 conscientiae
711 889 900 923 retinaculo
943 905 1104 939 praeceps
1141 894 1179 929 in

39 963 177 1000 peccata
189 953 321 999 prorui,
347 953 581 1000 duplicabitur
595 951 679 984 mihi
696 964 821 996 poena,
846 953 897 984 vel
921 966 986 997 pro
1003 964 1179 990 contemtu

27 1016 239 1057 monitoris,
261 1017 313 1049 vel
337 1029 402 1061 pro
432 1014 584 1049 facinore
610 1013 790 1049 commissi.
835 1013 908 1046 Nec
932 1016 1063 1050 mireris
1085 1031 1177 1061 sane,

39 1077 66 1112 si
100 1078 237 1121 angelos
271 1078 414 1111 dicimus
440 1075 554 1110 venire
584 1088 662 1108 cum
694 1074 892 1108 hominibus
925 1077 967 1109 ad
997 1075 1176 1122 judicium,

41 1152 117 1172 cum
142 1138 316 1184 Scriptura
342 1137 448 1178 dicat,
473 1137 551 1182 quia
576 1135 669 1180 „ipse
685 1134 722 1180 ²)
749 1136 919 1170 Dominus
944 1139 987 1171 ad
1009 1137 1176 1184 judicium

39 1200 150 1248 veniet
182 1214 260 1234 cum
290 1198 480 1234 senioribus
505 1197 643 1243 populi,
677 1206 709 1230 et
733 1210 811 1230 cum
836 1197 1047 1243 principibus
1072 1200 1176 1247 ejus.“

39 1262 262 1296 ostentantur
285 1273 364 1303 ergo
388 1260 571 1306 principes,
597 1268 628 1291 et
651 1258 678 1291 si
701 1259 736 1292 in
760 1258 826 1292 illis
851 1259 951 1304 culpa
971 1269 1027 1301 est,
1053 1262 1176 1297 desinit

36 1323 86 1357 ira
109 1322 177 1355 Dei
201 1337 220 1356 a
242 1322 387 1368 populo.
433 1321 547 1353 Debet
569 1319 670 1352 nobis
696 1328 728 1352 et
747 1320 859 1353 acrior
883 1332 952 1353 esse
975 1322 1172 1356 sollicitudo

35 1393 171 1417 actuum
193 1393 412 1422 nostrorum,
436 1381 633 1421 scientibus,
658 1381 751 1426 quod
775 1395 849 1414 non
871 1382 983 1415 solum
1008 1397 1071 1417 nos
1096 1394 1174 1418 ante

34 1445 184 1480 tribunal
206 1445 274 1478 Dei
296 1457 361 1490 pro
388 1442 516 1476 actibus
541 1442 663 1476 nostris
686 1442 866 1483 stabimus,
890 1444 948 1477 sed
973 1445 1081 1487 angeli
1104 1460 1170 1491 pro

33 1507 133 1542 nobis
167 1508 210 1541 ad
239 1505 404 1552 judicium
430 1505 644 1539 deducentur
667 1513 830 1549 tanquam
852 1505 1024 1550 principes
1049 1516 1082 1540 et
1101 1507 1171 1542 'du-

35 1582 88 1603 ces
109 1569 228 1605 nostri.
271 1567 458 1612 Propterea
485 1567 574 1599 enim
594 1575 626 1599 et
641 1565 816 1611 Scriptura
838 1566 936 1599 dicit:
961 1568 1169 1615 ‚,0bedite³)

32 1628 234 1674 praepositis
263 1627 396 1669 vestris,
429 1636 460 1660 et
492 1628 724 1673 obtemperate
753 1627 792 1661 iis
822 1628 859 1661 in
884 1628 1054 1663 omnibus.
1101 1631 1170 1676 Ipsi

33 1690 122 1724 enim
152 1688 369 1735 pervigilant,
410 1688 504 1733 quasi
543 1689 711 1723 rationem
748 1703 813 1734 pro
848 1689 1024 1725 animabus
1056 1693 1169 1726 vestris

32 1749 230 1784 reddituri.“

122 1812 154 1848 5.
189 1811 271 1845 Post
295 1812 378 1845 haec
402 1812 555 1852 refertur,
580 1811 670 1856 quia,
695 1825 773 1846 cum
797 1811 930 1845 vidisset
943 1811 1065 1847 Finees
1079 1813 1168 1848 filius

30 1873 190 1914 Eleazar,
220 1873 282 1907 filii
315 1875 430 1906 Aaron
461 1873 664 1914 sacerdotis,
694 1873 878 1907 Israelitem
910 1875 1080 1918 quendam
1111 1875 1165 1908 in-

30 1934 150 1968 troisse
184 1935 228 1969 ad
261 1934 440 1969 mulierem
471 1933 750 1976 Madianitidem,
788 1944 886 1981 rapto
919 1935 1097 1969 siromaste
1126 1935 1164 1969 in

29 2009 133 2030 manu
171 2010 232 2031 sua
269 1996 433 2040 ingressus
464 1996 505 2029 sit
538 1996 788 2042 prostibulum,
824 2005 855 2030 et
885 2006 1069 2042 utrumque
1101 2009 1164 2042 per

124 2185 157 2229 ¹)
180 2186 272 2221 Edd.
296 2186 454 2220 Merlini:
480 2197 744 2221 consecraretur.

118 2240 156 2285 ²)
178 2240 278 2276 Jesai.
304 2242 364 2284 ΙΙΙ,
388 2243 440 2277 14.
533 2243 572 2289 ³)
594 2242 702 2280 Hehr.
724 2243 820 2284 XIII,
842 2243 896 2277 17.

31 2298 204 2336 Omeems
229 2303 366 2339 OPERA.
393 2304 490 2339 Tom.
511 2305 554 2339 X.
861 2304 904 2340 17
