1427 2460
373 82 410 106 m
434 72 613 105 Nummos
638 70 798 104 HommA
815 71 908 105 XIX.
1132 70 1200 106 239

71 174 129 206 esi,
154 177 231 197 cum
249 160 419 196 advenerit
438 160 600 201 Christus,
625 170 657 194 et
669 161 847 195 idolorum
874 161 1001 194 cultum
1027 161 1196 194 destruxe-

72 227 123 267 rit,
147 236 248 271 atque
272 223 426 258 omnium
450 224 657 256 daemonum
682 221 863 268 subjecerit
884 231 1101 268 potestatem,
1125 223 1198 267 quis

71 288 135 321 erit
156 287 214 331 ἰῌε
235 296 302 319 tam
326 286 458 325 beatus,
487 294 556 318 tam
579 284 675 325 felix,
708 284 767 330 qui
790 284 872 317 haec
895 283 1030 317 videat?
1052 285 1119 317 hoc
1143 294 1200 324 est,

72 348 131 394 qui
154 348 290 387 sentiat,
313 356 344 380 et
365 346 544 389 intelligat,
569 356 601 380 et
623 348 756 387 credat,
788 347 883 391 quod
907 347 989 379 haec
1013 347 1059 379 ita
1075 343 1199 381 'fecerit

72 407 190 443 Deus?
219 408 330 453 ‚,Et¹)
356 408 494 442 exibunt
518 410 561 442 de
584 409 741 442 manibus
764 407 970 448 Cithiorum,
995 417 1027 450 ᾳι
1050 408 1200 449 affligent

70 469 256 517 Assyrios.“
302 469 404 503 Cithii
427 471 690 515 interpretantur
712 470 809 515 plaga
831 469 916 504 finis.
956 469 1002 502 Hi
1025 481 1115 510 ergo,
1139 467 1198 512 qui

69 541 315 565 convertuntur
341 532 385 564 ad
415 532 548 571 Deum,
591 540 623 563 et
654 545 672 564 a
706 531 841 565 Christo
876 531 1015 571 eruditi,
1050 532 1196 576 plagam,

67 605 156 637 quae
177 593 213 628 in
237 594 306 626 fine
329 593 452 627 saeculi
474 591 585 637 impiis
609 592 730 632 veniet,
757 593 939 635 effugiunt,
963 592 1027 638 ipsi
1050 593 1198 634 affligent

69 654 239 702 Assyrios:
278 655 346 690 hoe
368 664 431 695 est,
465 655 535 695 his,
566 653 624 699 qui
643 654 677 686 in
703 667 810 696 agone
832 654 962 698 pietatis
986 654 1087 698 positi
1110 663 1199 694 sunt,

69 725 222 750 conteret
245 717 404 750 Satanam
428 717 523 749 Deus
554 717 618 748 sub
648 715 810 760 pedibus,
840 714 905 759 ipsi
930 715 1077 756 affligent
1101 717 1199 762 Assy—

69 776 154 817 rios,
185 777 441 822 daemonum²)
472 777 600 811 scilicet
629 786 772 820 gentem.
827 776 1018 810 Calcabunt
1050 789 1199 821 namque

68 824 184 883 super.
194 830 374 884 serpentes,
399 849 431 873 et
454 838 669 884 scorpiones,
695 848 725 871 et
751 851 854 883 super
877 851 1014 871 omnem
1040 839 1197 871 virtutem

66 898 213 940 inimici,
244 910 276 934 et
304 902 454 944 affligent
484 914 551 934 eos.
597 926 617 940 ‚‚
630 899 836 943 Afssigent31)
860 899 1056 940 Hebraeos,
1080 909 1112 932 et
1134 899 1198 944 ipsi

65 962 193 1006 pariter
214 962 408 1006 peribunt.“
440 962 587 996 Hebraei
604 971 811 996 transeuntes
825 962 1098 1006 interpretantur.
1136 962 1199 994 Iste

64 1035 146 1065 ergo
168 1023 242 1069 ipse
270 1026 420 1070 populus
452 1024 552 1058 etiam
578 1024 754 1057 Hebraeus
785 1023 925 1063 dicitur,
959 1023 1037 1068 quin
1070 1022 1199 1057 transiit

68 1085 112 1117 de
136 1087 289 1132 Aegypto
315 1087 357 1119 ad
380 1096 506 1120 terram
530 1085 820 1131 repromissionis,
844 1087 886 1118 de
908 1085 1055 1118 tenebris
1079 1086 1122 1117 ad
1146 1085 1197 1116 lu-

66 1158 152 1186 cem,
176 1147 220 1178 de
242 1156 353 1179 morte
376 1149 419 1181 ad
443 1147 553 1180 vitam.
591 1147 661 1181 Sed
681 1147 855 1191 quoniam,
879 1155 916 1180 ut
941 1145 1093 1184 diximus,
1116 1146 1198 1178 haec

66 1219 142 1239 non
165 1206 236 1239 sine
259 1219 384 1250 agone,
420 1221 482 1241 nec
512 1209 584 1241 sine
607 1221 731 1250 magno
758 1209 939 1241 certamine
961 1207 1086 1252 poterit
1111 1208 1197 1240 obti-

71 1279 164 1307 nere,
188 1268 282 1312 quasi
305 1268 340 1301 in
365 1281 473 1310 agone
496 1270 627 1314 positus
651 1283 743 1302 nunc
767 1269 893 1312 affligit,
913 1282 1005 1301 nunc
1029 1268 1198 1311 affligitur,

68 1338 102 1361 et
123 1341 216 1363 nunc
240 1330 349 1363 caedit
371 1331 610 1370 adversarium,
634 1343 725 1363 nunc
748 1330 819 1375 ipse
843 1331 886 1362 ab
911 1330 1102 1363 adversario
1126 1343 1200 1363 ver·-

67 1391 214 1424 bethtur.
261 1391 421 1433 Affligent
444 1404 523 1434 ergo
548 1392 648 1426 etiam
671 1391 734 1436 ipsi
759 1393 883 1438 Assyrii
907 1392 1100 1431 Hebraeos,
1132 1393 1198 1424 hoc

71 1462 127 1493 est,
149 1453 321 1498 populum
336 1453 488 1494 Domini,
513 1454 595 1488 sicut
620 1454 816 1496 affligantur
839 1454 881 1486 ab
905 1453 961 1486 iis:
984 1455 1042 1486 sed
1067 1453 1140 1498 ipsi,
1163 1453 1198 1486 id

70 1524 126 1555 est,
152 1515 293 1561 Assyrii,
317 1528 395 1548 cum
420 1517 503 1549 haec
525 1518 685 1558 fecerint,
711 1525 744 1549 et
768 1529 845 1548 curu
871 1515 955 1548 vires
978 1529 1052 1548 suas
1079 1528 1197 1548 omnes

69 1588 146 1618 erga
176 1575 351 1609 Hebraeos
381 1579 580 1620 affligendos
619 1578 818 1617 effuderint,
857 1576 965 1610 statim
1004 1577 1103 1609 etiam
1134 1577 1197 1621 ipsi

69 1637 243 1682 peribunt.
290 1636 397 1680 Quod
431 1651 508 1681 ergo
541 1639 602 1672 ait:
635 1637 741 1683 „et4)
766 1639 914 1681 affligent
944 1637 1137 1679 Hebraeos,
1168 1647 1199 1670 et

0 1693 26 1717 ”
72 1697 136 1742 ipsi
164 1696 289 1740 pariter
320 1699 524 1742 peribunt:“
557 1713 630 1733 non
660 1701 706 1734 ita
738 1700 974 1744 accipiendum
1006 1708 1070 1738 est,
1105 1699 1199 1743 quasi

71 1759 198 1802 pariter
223 1772 301 1791 cum
323 1759 487 1794 Hebraeis
510 1761 673 1806 peribunt
697 1771 729 1794 et
752 1760 891 1808 Assyrii:
917 1762 976 1793 sed
999 1760 1136 1805 pariter,
1162 1761 1197 1793 id

73 1828 129 1859 est,
152 1818 263 1853 statim
285 1829 323 1853 ut
345 1821 427 1855 haec
451 1823 601 1863 fecerint,
626 1832 658 1856 et
682 1823 856 1856 Hebraeos
881 1822 1075 1861 afflixerint,
1099 1823 1197 1855 etiam

70 1874 133 1924 i'psi
150 1880 321 1924 peribunt.
358 1882 532 1923 ‚,Pariter“
557 1897 636 1926 ergo
654 1883 803 1918 Graecus
825 1896 936 1917 sermo
961 1896 1025 1927 pro
1049 1882 1199 1923 „statim”

71 1941 180 1985 ponit.
226 1937 292 1975 Hic
316 1955 394 1986 ergo
420 1936 483 1978 erit
506 1945 580 1979 finis
605 1946 776 1986 omnium,
800 1954 838 1978 ut
861 1954 894 1977 et
917 1946 1028 1984 Assur,
1053 1945 1107 1977 cui
1131 1953 1197 1977 tra-

72 2002 242 2035 debantur
264 2002 310 2043 hi,
334 2007 392 2048 qui
416 2006 660 2052 delinquebant
685 2020 722 2040 ex
744 2006 878 2052 populo
904 2005 990 2045 Dei,
1011 2006 1061 2038 vel
1086 2007 1120 2038 in
1144 2005 1196 2037 iu-

164 2150 200 2195 ¹)
224 2151 326 2185 Num.
349 2151 479 2196 XXIV,
505 2152 562 2185 24.

161 2205 199 2249 ²)
222 2206 314 2242 Edd.
338 2205 494 2239 Merlini:
522 2216 554 2239 et
577 2208 784 2240 daemonum
810 2215 872 2242 etc.

162 2261 200 2305 ³)
223 2262 326 2296 Num.
349 2262 477 2302 XXIV,
499 2264 553 2297 24.
650 2261 686 2307 ¹²)
710 2263 812 2296 Num.
837 2261 964 2303 XXIV,
987 2262 1041 2296 24.
