1427 2460
354 93 390 116 m
416 71 596 116 'Nummos
624 80 786 114 ΗοΜιιιΑ
813 81 869 114 ΙΧ.
1143 82 1189 116 81

49 176 127 215 hoc,
153 162 245 218 quod
277 173 499 218 postmodum
525 171 747 214 Evangelium
780 172 906 205 docuit.
960 169 1049 203 Ecce
1084 170 1192 214 diligit

48 236 162 270 Moses
186 235 352 274 inimicos,
377 244 408 267 et
433 242 507 267 orat
522 247 594 278 *pro
609 235 886 278 persecutoribus
906 233 984 273 suis,
1010 233 1105 278 quod
1127 232 1193 265 uti-

48 298 115 343 que
140 296 290 330 Christus
312 294 386 328 fieri
412 294 446 327 in
471 294 662 336 Evangeliis
679 297 790 330 docet.
828 295 953 328 Audite
972 294 1074 334 enim,
1103 307 1191 338 quoe

47 359 154 392 modo
180 359 335 390 cadentes
360 356 397 388 in
421 355 543 388 faciem
568 370 670 401 super
694 367 819 392 terram
836 365 937 389 orant
952 369 1017 400 pro
1033 354 1110 395 illis,
1133 353 1193 399 qui

48 422 91 453 ad
120 419 374 453 interficiendos
405 431 462 451 eos
494 418 754 452 insurrexerant.
817 418 874 451 Sic
908 429 988 458 ergo
1024 415 1194 449 invenitur

48 490 81 514 et
103 479 277 523 Evangelii
304 479 406 513 virtus
437 479 472 513 in
496 481 587 522 lege,
625 489 658 513 et
694 481 919 513 fundamento
944 477 1026 519 legis
1049 477 1192 511 subnixa

47 542 280 583 intelliguntur
309 540 501 584 Evangelia.
562 543 632 574 Nec
666 551 758 575 vetus
781 548 1020 573 testamentum
1045 537 1190 572 nomino

47 617 108 647 ego
132 604 256 646 legem,
292 602 319 636 si
351 617 425 636 eam
458 602 675 648 spiritualiter
698 602 893 644 intelligam.
949 601 1018 635 Illis
1042 610 1194 634 tantum-

46 667 154 699 modo
179 666 230 698 lex
256 674 348 698 vetus
374 665 519 699 efficitur
542 673 800 704 testamentum,
825 664 884 708 qui
910 676 983 696 eam
1010 661 1193 696 carnaliter

45 726 231 768 intelligere
255 727 382 760 volunt.
429 726 474 758 Et
498 727 686 760 necessario
712 726 778 759 illis
802 735 896 759 vetus
920 725 1040 758 effecta
1066 731 1134 762 est,
1163 731 1195 755 et

47 787 168 828 senuit,
193 787 270 832 quia
294 788 380 820 vires
403 801 478 820 suas
502 801 573 820 non
590 796 703 832 potest
727 786 893 820 obtinere.
933 785 1043 819 Nobis
1069 792 1193 825 autem,

48 849 106 893 qui
129 862 204 882 eam
233 848 451 893 spiritualiter
483 859 515 882 et
544 849 748 892 Evangelico
781 862 881 882 sensu
916 846 1135 889 intelligimus
1160 855 1193 879 et

48 909 258 954 exponimus,
282 923 417 955 semper
440 923 528 943 nova
555 920 618 943 est:
650 920 682 943 et
713 920 898 955 utrumque
929 908 1031 942 nobis
1065 920 1194 941 novum

47 980 283 1011 testamentum
311 981 376 1011 est,
407 986 480 1005 non
511 971 674 1017 temporis
707 981 830 1012 aetate,
863 973 922 1005 sed
953 969 1195 1012 intelligentiae

47 1032 205 1066 novitate.
266 1033 326 1067 An
340 1031 375 1078 ¹)
411 1047 484 1066 non
517 1043 550 1067 et
580 1035 754 1078 apostolus
786 1035 939 1067 Joannes
978 1033 1014 1066 in
1052 1031 1196 1077 epistola

48 1107 108 1128 sua
133 1095 250 1128 eadem
269 1095 378 1135 sentit,
403 1108 480 1128 cum
506 1095 602 1128 dicit:
629 1094 809 1139 ‚,filioli‚²)
834 1096 1034 1128 mandatum
1061 1106 1193 1125 novum

50 1157 96 1189 do
120 1156 226 1195 vobis,
250 1165 288 1188 ut
310 1156 453 1189 invicem
479 1156 670 1198 diligatis?“
703 1170 779 1189 cum
810 1155 929 1199 utique
963 1156 1078 1195 sciret,
1113 1153 1196 1186 olim

52 1218 167 1251 datum
191 1230 262 1250 esse
285 1218 483 1250 mandatum
509 1218 700 1250 dilectionis
724 1217 760 1249 in
793 1218 875 1258 lege.
928 1216 998 1249 Sed
1019 1216 1196 1260 *quoniam

53 1277 169 1311 caritas
193 1291 370 1322 nunquam
398 1279 497 1319 cadit,
522 1292 585 1312 nec
608 1279 808 1311 mandatum
841 1276 984 1311 caritatis
1008 1276 1193 1321 aliquando

51 1339 234 1385 veterascit,
261 1340 338 1379 hoc,
371 1340 465 1383 quod
490 1353 667 1384 nunquam
702 1339 885 1379 veterascit,
908 1351 1044 1383 semper
1065 1351 1195 1371 novum

52 1413 121 1434 esse
143 1401 355 1445 pronuntiat.
413 1401 557 1446 Semper
581 1401 672 1434 enim
698 1401 914 1434 observantes
946 1409 979 1433 et
1003 1399 1199 1433 custodien-

51 1471 99 1495 tes
123 1461 159 1495 in
183 1475 219 1494 se
242 1461 387 1496 caritatis
411 1463 608 1496 mandatum
634 1475 742 1496 novos
766 1462 882 1495 reddit
896 1461 932 1495 in
945 1461 1076 1506 spiritu.
1112 1460 1198 1493 Pec-

53 1523 160 1556 catori
185 1522 298 1556 au'tem
324 1533 357 1557 et
381 1524 527 1558 caritatis
542 1525 682 1558 foedera
698 1537 771 1557 non
786 1523 941 1564 servanti,
966 1522 1067 1556 etiam
1085 1522 1200 1555 Evan-

53 1585 139 1627 gelia
164 1593 383 1619 veterascunt.
429 1587 500 1619 Nec
515 1595 626 1631 potest
649 1586 679 1620 ei
702 1599 832 1619 novum
857 1598 926 1619 esse
949 1593 1199 1623 testamentum,

55 1646 113 1690 qui
135 1659 209 1679 non
236 1647 380 1691 deponit
411 1657 557 1681 veterem
581 1647 776 1688 hominem,
815 1656 847 1680 et
879 1646 1036 1680 induitur
1058 1657 1201 1684 novum,

56 1720 94 1741 ac
117 1709 304 1741 secundum
328 1708 441 1742 Deum
469 1718 629 1742 creatum.
676 1708 844 1742 Hortatur
868 1721 948 1750 ergo
967 1708 1081 1740 Moses
1107 1718 1198 1750 pon-

55 1768 180 1802 tificem
200 1782 373 1811 magnum,
398 1778 437 1804 ut
449 1769 486 1814 ³)
512 1771 635 1804 offerat
653 1771 833 1804 incensum
853 1769 890 1803 in
912 1768 1037 1809 castris,
1062 1777 1095 1801 et
1120 1780 1201 1801 exo-

55 1839 107 1863 ret
130 1844 194 1875 pro
220 1832 364 1876 populo,
409 1831 487 1864 Jam
512 1831 614 1873 enim,
637 1832 767 1878 inquit,
803 1831 922 1866 vastari
946 1831 1097 1876 populus
1122 1839 1201 1862 coe-

152 1970 186 2016 ¹)
210 1962 299 2004 Ed'd.
324 1969 481 2004 Merlini:
505 1973 574 2004 Aut
596 1984 669 2005 non
694 1981 754 2004 etc.

63 2027 69 2041 ¹
148 2026 185 2072 ²)
215 2026 285 2060 Cfr.
317 2028 334 2059 I
357 2027 482 2062 Joann.
505 2027 555 2068 Il,
581 2027 613 2062 8.
638 2028 705 2069 III,
737 2028 790 2062 11.
815 2028 870 2062 23.
897 2025 962 2066 IV,
995 2025 1025 2060 7.
1052 2024 1130 2058 coll.
1156 2037 1204 2057 ev.

58 2072 186 2106 Joann.
210 2071 306 2113 XIII,
328 2072 384 2107 34.

151 2128 190 2172 ³)
213 2127 308 2161 Libri
333 2127 414 2161 editi
438 2128 486 2172 (v.
512 2142 538 2161 c.
566 2129 642 2163 edd.
667 2128 755 2174 M.).
781 2137 840 2169 ,Μ
871 2127 996 2161 offerat
1024 2124 1204 2159 incensum

59 2174 96 2206 in
121 2178 259 2213 castra,“
283 2175 343 2207 sed
366 2173 448 2206 Mss.
471 2173 690 2208 Ebroicensis
715 2183 748 2207 et
772 2171 988 2207 Belvacensis
1023 2180 1061 2204 ut
1082 2170 1118 2203 in
1141 2183 1207 2203 no-

61 2228 130 2251 stro
153 2228 262 2270 textu.
287 2219 331 2254 R.
358 2238 398 2244 —
423 2218 513 2252 Edd.
538 2219 698 2253 Merlini:
725 2228 790 2260 „ut
814 2219 932 2253 efferat
954 2216 1133 2251 incensum
1171 2214 1207 2247 in

65 2267 210 2296 castrls.“
281 2265 286 2272 '
937 2276 941 2281 ’

65 2324 244 2359 omeems
270 2323 408 2359 OPERA.
435 2325 532 2359 Tom.
553 2297 599 2358 ΠΧ.
920 2324 942 2358 6
