1427 2460
369 50 404 75 m
431 41 608 74 Nummos
636 38 796 72 ΗοΜηιΛ
821 39 910 73 xlv.
1144 41 1207 76 157

85 136 185 170 videt.
231 133 328 172 Non,
353 131 448 176 quod
474 129 573 172 digna
598 138 682 163 esset
704 128 817 163 videre
841 130 1015 173 angelum,
1037 129 1122 164 sicut
1145 145 1209 165 nec

85 196 180 242 loqui
205 195 304 238 digna
328 201 413 231 erat,
443 192 502 224 sed
533 199 570 223 ut
601 192 832 224 confutaretur
854 191 1013 225 Balaam:
1051 201 1082 225 et
1103 201 1140 225 ut
1165 193 1210 226 ait

78 259 237 303 'quodam
265 255 301 288 in
331 254 410 287 loco
443 252 635 297 Scriptura:
671 262 825 293 „mutum
840 253 875 298 ¹)
906 252 1031 286 animal
1061 254 1209 288 humana

85 332 168 353 voce
204 315 429 361 respondens,
474 313 581 356 arguit
617 315 807 360 prophetae
846 314 1090 348 dementiam.“
1141 316 1211 349 Ve-

85 393 159 413 rum
192 375 354 422 quoniam
385 377 427 409 de
464 375 602 409 historia
638 377 743 409 multa
767 375 835 422 jam
861 376 949 409 dicta
973 385 1068 417 sunt,
1099 376 1210 422 aliqua

85 439 183 474 etiam
208 440 249 472 de
275 437 435 479 allegoria
453 437 714 483 perstringamus
737 437 772 470 in
796 438 873 471 fine.
931 437 968 471 Si
990 438 1102 471 videas
1127 452 1211 471 con-

81 500 217 534 trariam
241 508 440 545 potestatem
464 499 717 544 impugnantem
750 500 919 544 populum
946 499 1022 541 Dei,
1045 499 1211 542 intelligis,

83 562 157 608 quis
180 563 230 602 sit,
254 562 313 607 qui
336 562 449 595 sedeat
471 573 574 606 super
602 559 740 594 asinam.
797 560 843 593 Et
874 560 901 593 si
931 560 1122 594 consideres
1146 562 1211 593 ho-

83 624 199 665 mines,
225 624 401 668 quomodo
427 637 445 656 a
462 621 686 655 daemonibus
699 620 975 666 praecipitantur,
998 621 1212 665 intelligis,²)

83 698 171 730 quae
200 685 241 718 sit
271 684 372 718 asina.
429 684 484 717 Sic
518 683 609 717 enim
639 692 671 715 et
699 684 734 716 in
759 682 944 725 Evangelio
968 683 1132 725 intelliges
1154 686 1211 718 Je-

84 762 158 781 sum
180 747 368 780 mittentem
399 744 581 789 discipulos
612 757 691 777 suos
726 744 769 777 ad
793 744 938 784 asinam,
972 757 1057 789 quae
1080 744 1213 786 alligata

85 818 164 848 erat,
188 817 220 841 et
244 809 287 841 ad
311 807 444 853 pullum
469 805 558 851 ejus:
582 815 620 838 ut
643 804 799 851 discipuli
823 818 897 839 eam
919 806 1066 846 solvant,
1096 815 1128 839 et
1151 806 1211 839 ad-

84 871 226 910 ducant,
255 878 293 902 ut
322 869 392 913 ipse
421 868 534 901 sedeat
556 880 658 912 super
681 880 768 901 eam.
824 867 870 901 Et
890 869 980 901 forte
1003 868 1085 900 haec
1111 866 1212 908 asina,

82 932 116 965 id
145 940 202 972 est,
225 929 373 970 ecclesia,
395 929 489 974 prius
512 928 834 974 portabatBalaam,
856 942 948 962 nunc
973 938 1086 963 autem
1112 928 1212 961 Chri-

83 1003 182 1034 stum,
201 1006 237 1026 ex
255 1006 323 1038 quo
338 992 448 1025 soluta
465 1000 512 1024 est
531 1004 548 1024 a
564 990 747 1035 discipulis,
772 1000 802 1024 et
822 1004 840 1024 a
857 990 980 1036 quibus
995 989 1115 1023 innexa
1133 998 1213 1030 erat,

86 1053 225 1089 vinculis
247 1054 403 1094 relaxata,
432 1061 468 1086 ut
491 1052 579 1087 filius
603 1051 670 1085 Dei
691 1053 821 1086 sederet
843 1065 945 1097 super
969 1065 1053 1092 eam,
1079 1061 1111 1085 et
1135 1064 1212 1084 cum

84 1117 156 1161 ipsa
179 1115 410 1158 ingrederetur
432 1122 582 1147 sanctam
615 1112 780 1146 civitatem
805 1114 993 1146 Jerusalem
1026 1114 1214 1153 coelestem,

85 1185 118 1210 et
143 1177 372 1221 compleretur
384 1175 570 1219 Scriptura,
594 1187 680 1219 quae
701 1174 796 1208 dicit:
819 1175 964 1215 „laetare
976 1173 1011 1218 ³)
1036 1173 1104 1206 filia
1118 1173 1214 1214 Sion,

86 1237 246 1283 praedica
268 1236 335 1270 filia
360 1237 567 1269 Jerusalem:
592 1248 687 1276 ecce,
716 1249 773 1268 rex
802 1246 878 1269 tuus
908 1235 999 1269 veuit
1025 1234 1085 1268 tibi
1114 1234 1214 1276 mitis,

85 1308 118 1332 et
147 1299 266 1332 sedens
294 1310 396 1347 super
426 1295 631 1343 subjugale.“
689 1295 875 1342 Snbjugale
904 1297 940 1330 id
979 1305 1044 1336 est,
1076 1295 1215 1336 asinam,

85 1359 256 1393 credentes
278 1357 350 1391 sine
374 1358 480 1392 dubio
514 1371 551 1391 ex
575 1357 714 1392 Judaeis
745 1357 839 1391 dicit:
871 1367 903 1391 et
931 1359 1064 1403 pullum
1095 1358 1213 1390 novel-

84 1421 156 1454 lum
180 1433 237 1453 eos
261 1420 428 1465 profecto,
452 1418 510 1464 qui
531 1416 614 1452 suni
634 1432 672 1452 ex
695 1419 846 1462 gentibus
862 1421 1034 1453 credentes
1059 1418 1092 1452 in
1113 1418 1213 1452 Chri—

84 1491 135 1516 sto
159 1481 241 1514 Jesu
265 1480 420 1514 Domino
453 1489 590 1521 nostro,
620 1481 674 1515 cui
706 1490 754 1515 est
775 1481 883 1525 gloria
915 1490 946 1515 et
975 1481 1155 1526 imperium
1179 1480 1213 1513 in

84 1543 216 1577 saecula
239 1544 463 1578 saeculorum.
508 1543 629 1576 Amen.

357 1758 746 1799 HOMILIA
812 1758 940 1798 XIV.

493 1861 576 1895 Item
601 1862 643 1895 de
666 1861 817 1896 Balaam.

176 1949 207 1982 1.
232 1948 338 1982 Plura
366 1958 461 1990 sunt,
492 1963 579 1996 quae
610 1950 710 1984 nobis
742 1951 941 1984 resederunt
971 1952 1216 1997 exponentibus

87 2008 268 2043 lectionem
293 2010 336 2043 de
358 2010 517 2052 Balaam,
546 2022 647 2058 atque
678 2013 768 2047 asina
801 2011 890 2059 ejus:
930 2022 962 2046 et
983 2013 1143 2059 quoniam
1170 2024 1217 2048 est

181 2116 217 2160 ¹)
240 2116 272 2149 ΙΙ
295 2116 384 2150 Petr.
406 2118 450 2158 II,
475 2118 526 2153 16.

178 2171 216 2215 ²)
239 2172 328 2206 Edd.
351 2172 489 2206 Merlini
513 2173 578 2207 hoc
604 2175 699 2209 loco:
724 2174 894 2219 intelliges.

181 2228 219 2272 ³)
245 2228 349 2263 Zach.
373 2229 434 2271 IX,
456 2230 487 2265 9.
