1427 2460
227 71 295 106 104
680 66 689 86 x
710 68 887 104 Omossms

228 160 350 206 inquit,
374 168 501 194 sectare
526 160 620 204 quod
643 158 768 205 justum
795 163 873 193 est.“
911 158 1007 203 Quid
1023 173 1110 205 opus
1134 168 1182 193 est
1203 159 1240 193 in
1263 159 1362 206 his¹)

228 221 425 264 allegoriam
450 233 623 266 quaerere,
647 234 724 254 cum
749 221 904 255 aedificet
937 221 1038 255 etiam
1069 220 1191 256 litera?
1237 222 1362 256 Osten-

230 283 342 316 dimus
367 295 446 324 ergo
474 295 543 316 esse
571 282 756 326 quaedam,
792 296 879 327 quae
910 282 1053 316 omnino
1085 296 1158 316 non
1187 293 1266 318 sunt
1293 297 1364 318 ser-

230 345 340 378 vanda
364 344 553 377 secundum
576 343 708 376 literam
731 344 821 386 legis,
844 352 877 376 et
901 356 969 377 esse
993 344 1180 388 quaedam,
1204 357 1291 389 quae
1314 345 1365 379 al-

231 406 359 448 legoria
382 407 514 451 penitus
530 405 710 438 immutare
724 419 795 438 non
815 405 926 445 debet,
949 406 1008 439 sed
1023 405 1224 439 omnimode
1247 406 1303 446 ita,
1327 416 1365 440 ut

231 467 428 513 Scripturae
453 468 495 501 de
517 466 555 499 iis
579 467 766 506 continent,
792 467 1002 500 observanda
1024 468 1168 511 sunt:²)
1197 481 1289 501 nunc
1312 482 1366 502 re-

233 527 353 573 quiro,
377 528 404 561 si
427 537 506 562 sunt
531 529 660 573 aliqua,
691 541 778 574 quae
802 538 833 561 et
855 530 1044 562 secundum
1069 528 1201 562 literam
1227 530 1366 574 quidem

233 597 319 622 stare
339 589 480 633 possint,
502 590 690 624 necessario
716 600 829 623 tamen
853 590 889 623 in
914 590 952 624 iis
977 591 1078 624 etiam
1093 590 1289 633 allegoriam
1313 605 1366 625 re-

235 649 447 695 quirendam.
516 652 562 685 Et
589 651 682 692 vide,
716 652 743 686 si
773 666 955 697 possumus
983 653 1067 686 haec
1103 652 1301 697 Apostolica
1336 663 1368 687 et

233 710 435 755 Evangelica
462 715 670 748 'auctoritate
704 715 849 748 munire.
911 714 1083 758 Scriptum
1120 723 1168 748 est
1204 714 1242 748 in
1279 715 1369 757 lege:

234 776 450 820 ,φώρια-3)
481 775 549 808 hoc
580 776 748 820 relinquet
777 777 884 809 homo
915 784 1047 820 patrem
1080 785 1112 809 et
1135 785 1296 817 matrem,
1337 787 1370 811 et

236 836 435 870 adhaerebit
461 837 560 870 uxori
581 850 671 877 suae,
697 846 729 870 et
754 846 852 870 erunt
876 838 945 870 duo
971 837 1007 870 in
1022 850 1123 871 carne
1138 843 1239 874 una.“
1274 837 1369 872 Haec

237 899 331 941 quod
359 898 540 941 allegorica
563 899 718 945 mysteria
744 899 949 939 contineant,
971 898 1110 940 Paulus,
1133 913 1213 933 cum
1237 901 1272 934 in
1298 901 1370 947 epi-

235 960 320 993 stola
343 974 403 994 sua
427 961 494 993 hoc
516 959 628 1005 ipsum
653 961 819 1006 posuisset
850 960 1058 1005 exemplum,
1088 962 1290 1006 pronuntiat
1319 963 1370 996 di-

238 1034 334 1054 cens:
354 1023 573 1070 „mysterium
587 1021 624 1064 4)
649 1023 716 1056 hoc
739 1035 900 1064 magnum
926 1032 983 1061 est,
1008 1035 1069 1065 ego
1094 1033 1207 1056 autem
1234 1023 1312 1058 dico
1336 1025 1373 1059 in
1396 1066 1402 1069 ‘

239 1080 385 1123 Christo,
410 1093 441 1117 et
464 1084 500 1116 in
524 1083 696 1117 ecclesia.“
735 1083 842 1127 Quod
862 1092 973 1117 autem
1000 1093 1157 1128 oporteat
1180 1085 1247 1119 hoc
1273 1086 1372 1120 etiam

237 1144 426 1177 secundum
451 1144 582 1178 literam
607 1145 780 1187 custodiri,
804 1145 875 1189 ipse
888 1144 1060 1177 Dominus
1079 1154 1111 1178 et
1127 1146 1285 1180 Salvator
1308 1148 1372 1180 do-

241 1214 309 1245 cet,
335 1205 465 1240 dicens:
489 1206 674 1251 „scriptum
690 1206 726 1250 ⁵)
751 1216 814 1240 est:
838 1215 980 1251 propter
999 1207 1065 1239 hoe
1082 1206 1252 1253 relinquet
1265 1208 1372 1243 homo

239 1276 370 1310 patrem
395 1277 427 1301 et
449 1278 604 1308 matrem,
629 1278 660 1301 et
677 1267 876 1302 adhaerebit
890 1267 989 1301 uxori
1012 1281 1102 1308 suae,
1126 1278 1158 1302 et
1181 1280 1280 1304 erunt
1303 1272 1373 1305 duo

239 1327 273 1360 in
301 1341 403 1362 carne
434 1344 511 1363 una.
560 1330 667 1374 Quod
699 1342 778 1371 ergo
810 1330 906 1362 Deus
938 1328 1132 1375 conjunxit,
1169 1331 1276 1364 homo
1300 1345 1374 1366 non

239 1388 406 1434 separet.“
451 1391 494 1424 Et
519 1391 664 1425 ostendit
687 1392 805 1436 utique
836 1391 1047 1425 observanda
1073 1404 1141 1424 esse
1164 1392 1248 1424 haec
1274 1393 1374 1426 etiam

238 1453 427 1485 secundum
451 1453 594 1494 literam,
619 1467 695 1486 cum
722 1452 855 1499 adjicit:
878 1453 995 1498 „quod
1008 1452 1044 1495 6)
1069 1464 1147 1493 ergo
1172 1452 1268 1486 Deus
1292 1466 1376 1487 con-

241 1511 367 1558 junxit,
404 1514 512 1548 homo
544 1528 616 1548 non
647 1518 812 1560 separet.“
870 1515 940 1548 Sed
973 1524 1005 1548 et
1032 1514 1067 1547 in
1093 1513 1165 1547 aliis
1190 1515 1377 1559 Apostolus

242 1574 303 1607 ubi
329 1575 424 1609 dicit:
449 1576 549 1620 „quia
565 1575 600 1621 7)
626 1576 801 1609 Abraham
827 1577 914 1610 duos
938 1575 1028 1609 filios
1049 1575 1177 1615 habuit,
1200 1590 1308 1609 unum
1334 1579 1377 1611 de
1426 1617 1427 1620 Ἴ

243 1636 376 1677 ancilla,
400 1646 432 1670 et
456 1651 563 1670 unum
589 1638 631 1670 de
654 1637 800 1671 libera:“
824 1637 899 1683 quis
923 1637 1056 1671 dubitat
1080 1638 1164 1670 haec
1186 1639 1376 1672 secundum

242 1697 375 1732 literam
398 1708 486 1733 stare
509 1697 659 1732 debere?
708 1698 847 1731 Certum
873 1708 920 1731 est
943 1699 1045 1739 enim,
1070 1697 1149 1743 quia
1173 1709 1204 1732 et
1219 1700 1310 1734 Isaac
1335 1702 1378 1734 de

244 1759 339 1800 Sara,
363 1769 396 1793 et
418 1761 538 1794 Ismael
563 1761 605 1793 de
629 1762 720 1803 Agar
742 1760 804 1799 filii
824 1758 950 1792 fuerint
973 1760 1142 1794 Abrahae.
1196 1762 1303 1795 Addit
1326 1772 1377 1795 ta·

242 1834 321 1854 men
344 1821 382 1856 iis
406 1822 604 1866 Apostolus,
627 1830 659 1854 et
683 1821 780 1855 dicit:
812 1821 917 1863 „haec
932 1821 969 1865 8)
998 1831 1112 1855 autem
1143 1832 1223 1856 sunt
1251 1823 1375 1867 allego-

243 1883 353 1917 rica:“
377 1897 464 1929 quae
487 1884 523 1917 in
548 1885 618 1917 duo
643 1892 841 1917 testamenta
867 1883 1042 1924 convertit,
1058 1882 1095 1928 ⁹)
1119 1893 1151 1918 et
1175 1885 1279 1919 Sarae
1304 1885 1378 1930 qui·
1419 1895 1420 1899 ¹

341 2029 376 2071 ¹)
401 2029 489 2063 Edd.
515 2029 673 2063 Merlini:
697 2029 747 2064 iis.
842 2029 880 2073 ²)
905 2029 993 2063 Edd.
1017 2029 1175 2063 Merlini:
1198 2031 1273 2065 sint.

337 2084 374 2129 ³)
400 2084 521 2119 Genes.
547 2086 590 2126 II,
614 2087 668 2120 24.
765 2084 802 2129 4)
824 2085 951 2131 Ephes.
975 2086 1018 2127 V,
1042 2088 1096 2121 32.

338 2142 373 2184 ⁵)
400 2141 470 2175 Cfr.
495 2141 618 2175 Matth.
642 2141 740 2184 XIX,
762 2143 793 2177 5.
818 2143 848 2176 6.
875 2142 952 2175 coll.
977 2141 1100 2176 Genes.
1123 2142 1167 2184 Il,
1190 2142 1244 2177 24.

337 2196 374 2239 5)
398 2197 522 2231 Matth.
547 2198 644 2238 XIX,
667 2200 697 2234 6.
792 2198 829 2241 7)
855 2198 964 2231 Galat.
989 2198 1047 2238 IV,
1069 2200 1123 2234 22.

339 2252 374 2297 Β)
403 2252 513 2287 Galat.
539 2253 596 2294 IV,
620 2255 673 2289 24.
769 2254 806 2300 9)
829 2254 918 2288 Edd.
944 2253 1102 2289 Merlini:
1128 2264 1311 2289 convertat.
