1427 2460
320 79 357 103 m
380 69 559 102 Nummos
582 66 742 100 ΗοΜηῐΑ
765 67 909 101 XXVII.
1110 69 1177 104 335

36 156 123 196 'cent
147 160 347 195 auditorem.
394 157 487 192 Haec
512 167 624 191 autem
648 156 682 189 in
707 157 917 202 praefatione
936 159 1179 203 praemisimus,

44 233 82 256 ut
104 222 297 257 suscitemus
321 219 453 253 animos
476 228 612 259 vestros,
638 219 799 263 quoniam
822 220 961 264 quidem
979 219 1178 267 hujusmodi

44 283 143 317 lectio
168 284 312 316 habetur
334 281 370 314 in
392 280 560 321 manibus,
584 294 671 326 quae
687 280 834 314 difficilis
853 283 896 314 ad
909 282 1178 325 intelligendum,

44 354 74 378 et
97 344 265 389 superflua
289 343 444 376 videatur
474 343 515 375 ad
548 343 738 385 legendum.
797 343 866 375 Sed
894 357 964 376 non
999 357 1178 388 possumus

42 407 110 439 hoc
135 405 248 438 dicere
279 406 322 438 de
340 404 376 448 ¹)
408 405 514 437 sancti
541 403 686 449 Spiritus
716 404 837 445 literis,
872 407 964 450 quod
991 406 1120 450 aliquid
1142 406 1176 439 in

40 467 79 500 iis
104 468 251 500 otiosum
277 467 333 506 sit,
370 475 426 499 aut
449 466 681 511 superfluum,
713 465 841 499 etiamsi
866 467 1035 511 aliquibus
1058 468 1177 501 viden-

39 536 95 562 tur
119 529 274 561 obscura.
322 527 391 560 Sed
416 528 482 560 hoc
506 527 620 572 potius
644 529 754 560 facere
777 528 960 568 debemus,
990 538 1027 562 ut
1057 531 1177 563 oculos

38 591 159 624 mentis
189 599 326 623 nostrae
359 599 591 623 convertamus
623 588 717 632 ad2)
751 602 845 629 eum,
885 588 943 634 qui
967 590 1051 623 haec
1075 591 1176 624 scribi

37 650 150 695 jussit,
191 660 223 684 et
254 651 297 683 ab
328 650 404 695 ipso
435 651 561 683 horum
590 649 843 691 intelligentiam
874 652 1102 695 postulemus:
1138 662 1177 685 ut

38 712 106 746 sive
128 703 305 745 infirmitas
335 720 382 744 est
413 710 448 744 in
481 712 594 744 anima
623 721 759 752 nostra,
796 721 892 745 sanet
919 725 983 745 nos
1013 712 1087 754 ille,
1118 714 1176 757 qui

38 784 135 808 sanat
159 787 277 807 omnes
302 775 481 815 languores
506 773 593 818 ejus:
618 773 685 806 sive
708 773 803 817 parvi
826 785 941 807 seusus
964 787 1090 814 sumus,
1116 776 1175 807 ad-

38 836 80 868 sit
102 835 202 869 nobis
228 834 421 868 custodiens
451 836 611 879 parvulos
636 834 828 874 Dominus,
864 844 895 867 et
924 835 1070 868 enutriat
1101 850 1174 874 n05‚

39 905 141 941 atque
164 897 198 929 in
222 908 417 929 mensuram
450 895 565 928 aetatis
595 896 751 928 adducat.
808 895 999 940 Utrumque
1024 899 1114 930 enim
1139 898 1174 930 in

37 958 136 991 nobis
163 967 226 997 est,
255 967 295 990 ut
319 969 358 989 ex
381 957 524 990 infirmis
547 959 590 990 ad
614 957 808 1000 sanitatem,
842 967 874 990 et
898 972 935 991 ex
959 959 1106 1002 parvulis
1132 961 1172 991 ad

36 1029 176 1053 aetatem
209 1019 340 1052 virilem
372 1020 549 1064 pervenire
580 1018 758 1064 possimus.
817 1018 857 1050 In
884 1020 986 1053 nobis
1012 1032 1091 1062 ergo
1118 1030 1174 1058 est,

36 1083 119 1116 haec
143 1095 162 1114 a
185 1081 264 1124 Deo
287 1093 439 1126 poscere.
493 1081 560 1114 Dei
594 1089 706 1113 autem
733 1090 779 1113 est
802 1080 994 1124 petentibus
1020 1082 1117 1121 dare,
1143 1091 1174 1114 81

34 1142 245 1187 pulsantibus
269 1141 410 1187 aperire.
458 1142 527 1175 Sed
550 1142 627 1176 satis
650 1141 691 1175 sit
712 1141 773 1175 ista
797 1142 973 1187 praefatio.

123 1205 155 1237 2.
201 1205 301 1237 Nunc
329 1202 398 1248 jam
433 1205 476 1237 ad
508 1203 661 1237 lectionis
692 1203 813 1248 ipsius,
845 1216 930 1248 quae
955 1204 1092 1237 recitata
1117 1215 1174 1243 est,

34 1265 208 1299 veniamus
232 1265 428 1305 exordium,
451 1275 489 1298 ut
512 1265 647 1311 juvante
672 1265 846 1305 Domino,
875 1279 1008 1298 sensum
1035 1279 1173 1311 quoque

35 1340 175 1368 eorum,
206 1327 334 1361 etiamsi
357 1340 429 1359 non
452 1328 495 1360 ad
521 1327 709 1372 liquidum,
743 1327 936 1360 summatim
961 1336 1076 1360 tamen
1101 1329 1173 1360 col-

34 1390 136 1431 ligere
160 1398 193 1422 et
217 1389 383 1433 explicare
398 1389 576 1432 possimus.
623 1389 681 1421 Ait
697 1401 795 1429 ergo:
816 1388 956 1432 „hae³)
981 1399 1059 1422 sunt
1072 1403 1169 1422 man-

31 1451 144 1485 siones
168 1450 319 1484 filiorum
349 1449 468 1489 Israel,
502 1463 539 1482 ex
570 1463 639 1494 quo
674 1449 826 1483 exierunt
849 1451 892 1483 de
916 1459 1004 1483 terra
1029 1452 1172 1498 Aegypti

34 1525 113 1545 cum
144 1510 264 1544 virtute
296 1525 375 1551 sua,
406 1511 442 1545 in
473 1524 578 1544 manu
603 1512 708 1545 Mosis
740 1521 772 1545 et
795 1513 924 1545 Aaron.
977 1513 1022 1545 Et
1044 1513 1171 1558 scripsit

32 1573 148 1607 Moses
169 1572 400 1618 profectiones
424 1586 556 1613 eorum,
582 1583 613 1606 et
636 1573 828 1608 mansiones
852 1587 916 1618 per
938 1575 1080 1607 verbum
1094 1575 1169 1607 Do-

33 1635 160 1674 mini,“
191 1643 223 1667 et
247 1642 365 1667 cetera.
425 1634 646 1679 Audistis‚⁴²)
678 1635 755 1680 quia
779 1635 910 1680 scripsit
942 1637 1025 1669 haee
1057 1637 1170 1669 Moses

32 1710 95 1742 per
127 1697 269 1729 verbum
299 1695 455 1731 Domini.
507 1695 601 1739 Et5)
633 1695 715 1739 quid
747 1696 854 1729 voluit
884 1697 1056 1730 Dominus
1087 1699 1169 1730 haee

33 1757 159 1792 scribi?
205 1758 255 1791 Ut
283 1759 459 1802 prodesset
490 1757 591 1790 nobis
622 1757 750 1802 aliquid
774 1758 938 1803 scriptura
962 1758 1046 1793 haec
1071 1773 1169 1792 man-

31 1932 43 1964 1
127 1886 162 1930 ¹)
188 1886 275 1963 ng.
298 1886 402 1920 sancti
428 1885 640 1919 Theoderici
665 1888 778 1920 solum
809 1888 926 1920 habet:
951 1889 1024 1927 „de
1048 1886 1168 1921 sanctis

46 1932 170 1966 iteris.“
250 1957 256 1964 .

125 1987 162 2032 2)
184 1987 274 2021 Edd.
300 1987 459 2021 Merlini:
484 1989 527 2021 ad
554 1987 676 2021 Deum.

123 2043 161 2087 ³)
184 2044 289 2077 Num.
312 2043 485 2084 XXXIII,
509 2045 541 2079 1.
564 2046 594 2079 2.

30 2144 107 2178 dini
117 2099 159 2164 Σ)
180 2099 262 2178 lgm.
280 2099 482 2140 ,‚Audistis.“
536 2100 629 2133 Libri
654 2101 733 2134 editi
757 2101 805 2145 (v.
824 2113 849 2132 c.
867 2100 942 2133 edd.
959 2099 1044 2144 Nl.):
1067 2100 1166 2140 „Au-

124 2201 167 2246 5)
184 2201 275 2235 Edd.
290 2201 444 2235 Merlini:
460 2201 505 2234 Et
521 2203 601 2247 quid
614 2202 632 2236 ’3
656 2202 761 2235 voluit
774 2201 945 2235 Dominus
956 2201 1038 2234 haec
1054 2198 1167 2237 scribi¹

32 2255 68 2278 ut
93 2265 153 2285 —‚
179 2256 237 2279 aut
260 2247 344 2280 nihil
368 2247 568 2291 prodesset?
614 2247 670 2280 Et*
683 2247 757 2292 quis
782 2257 842 2281 etc.
