1427 2460
354 69 391 92 m
415 58 594 91 Numssnos
619 56 779 90 Homxzm
797 56 889 89 XIII.
1141 59 1207 93 147

66 149 212 182 cavenda
238 157 293 182 est.
342 147 397 189 Og
420 155 551 186 autem,
583 146 641 190 qui
672 159 729 178 rex
756 145 881 179 (licitur
906 159 975 179 esse
999 146 1128 188 Basan,
1151 149 1204 182 in..

65 209 223 243 terclusio
248 209 495 252 interpretatur.
536 207 652 240 Potest
675 207 730 240 hic
743 207 884 250 figuram
908 217 1024 241 tenere
1047 209 1203 248 omnium

67 270 252 305 carnalium
277 278 310 302 et
332 267 558 301 materialium
584 282 716 309 rerum,
749 281 893 313 quarum
920 283 1037 303 amore
1061 280 1093 304 et
1117 271 1204 305 desi-

62 316 162 367 ¹derio
187 332 322 364 detenta
347 329 459 363 anima
484 330 683 370 excluditur,
707 339 740 363 et
763 340 940 375 separatur
963 345 980 365 a
1005 332 1094 365 Deo.
1133 333 1205 365 Ad-

65 407 178 428 versus
202 392 257 434 Og
281 404 361 433 ergo
385 391 431 424 ita
455 391 661 436 praecipitur
695 393 824 425 bellum
858 393 1063 434 gerendum:
1094 402 1154 433 „ut
1169 393 1205 438 ι)

64 468 135 489 non
160 453 373 498 relinquatis,
408 452 535 497 inquit,
566 465 604 485 ex
628 466 668 485 eo
693 452 891 487 viventem.“
946 454 1087 487 Nullum
1114 454 1204 487 enim

65 531 84 550 a
107 515 183 549 filiis
206 515 310 548 Israel
335 523 472 559 oportet
495 513 641 558 relinqui
665 514 700 546 in
725 527 830 557 regno
848 514 1068 560 turpitudinis
1092 525 1124 548 et
1144 516 1203 549 de-

64 577 197 611 decoris
221 577 397 610 viventem.
456 575 524 608 Sed
550 585 581 608 ct
608 577 704 609 decet
727 576 945 609 Israeliticam
969 576 1126 610 virtutem
1150 590 1204 610 ex-

65 639 188 679 cidere,
213 648 245 671 et
268 650 419 671 resecare
442 637 629 681 turpia‚-et
652 637 707 682 pia
734 651 888 683 quaeque
910 637 946 670 in
971 639 1084 672 anima
1109 652 1204 672 reae-

65 700 220 740 dificare,
259 708 360 744 atque
392 687 533 731 honesta
566 711 604 730 ac
629 698 784 740 religiosa
808 699 973 743 plantare.
1019 699 1075 732 De
1099 712 1204 743 regno

65 762 159 795 Se‘on
184 774 257 794 non
281 769 328 793 est
353 759 531 804 scriptum,
564 768 600 791 ut
622 760 736 794 nullus
760 760 853 793 vivus
875 760 1105 805 relinquatur,
1122 768 1205 794 'nec

67 824 110 856 de
133 835 238 865 regno
262 821 381 855 Moab.
435 820 540 853 Forte
574 820 664 853 enim
697 835 735 854 ex
758 821 823 854 illis
848 835 934 867 opus
956 823 1122 856 habemus
1146 824 1207 856 ali-

67 883 208 929 quibus,
251 893 284 916 et
322 882 499 915 nonnullis
530 895 651 915 eorum
681 896 748 927 pro
781 882 867 916 vitae
898 883 998 930 hujus
1040 884 1206 927 agonibus

66 955 98 978 et
130 944 294 978 exercitiis
332 943 542 986 indigemus:
593 943 746 988 alioquin
787 945 1021 980 debuissemus
1058 948 1101 980 de
1138 947 1206 981 hoc

65 1007 198 1040 mundo
224 1006 335 1039 exisse.
382 1006 438 1038 De
460 1004 573 1038 Basan
597 1015 723 1046 tamen,
747 1007 813 1039 hoc
838 1016 896 1047 est,
920 1008 963 1041 de
986 1007 1207 1053 turpitudine,

66 1068 164 1102 nullo
189 1067 323 1113 penitus
352 1067 562 1108 indigemus,
598 1066 684 1100 nihil
709 1080 747 1100 ex
773 1080 812 1100 ea
835 1068 1085 1113 relinquamus:
1118 1069 1205 1103 exci-

67 1129 180 1162 denda
205 1128 332 1168 omnia,
356 1137 476 1161 cuncta
499 1129 724 1161 subvertenda
748 1138 827 1161 sunt
851 1142 954 1174 opera
977 1130 1207 1176 turpitudinis.

66 1190 108 1222 In
131 1189 229 1223 nullo
257 1189 346 1222 enim
369 1198 481 1234 potest
504 1189 685 1222 honestum
711 1202 790 1229 esse,
815 1192 911 1235 quod
935 1200 1034 1236 turpe
1058 1202 1114 1226 est.

157 1250 190 1283 4.
213 1250 279 1290 „Et
291 1251 328 1293 ²)
351 1250 497 1294 profecti
527 1251 608 1283 inde
638 1250 699 1283 filii
731 1251 833 1284 Israel
864 1253 1119 1287 collocaverunt
1150 1267 1205 1288 ca·—

68 1320 134 1344 stra
159 1312 202 1344 ab
229 1311 409 1344 occidente
430 1311 538 1344 Moab
571 1310 662 1356 juxta
694 1312 883 1346 Jordanem
916 1323 1034 1347 contra
1056 1315 1207 1350 Iericho.

66 1373 112 1405 Et
134 1381 172 1406 ut
194 1371 276 1405 vidit
307 1371 456 1412 Balach,
490 1372 579 1405 filius
603 1372 780 1416 Sephor,“
817 1382 851 1406 et
881 1374 1021 1420 reliqua.
1078 1376 1206 1411 Omnia

67 1433 146 1479 jam,
174 1446 262 1478 quae
288 1434 332 1466 de
354 1433 495 1467 Balaam
530 1443 563 1467 et
594 1433 684 1467 asina
721 1433 791 1479 ejus
816 1435 1030 1478 scribuntur,
1067 1438 1206 1473 historia

67 1496 168 1540 plena
191 1495 348 1536 negotiis:
372 1495 516 1529 interior
541 1508 620 1529 vero
644 1494 834 1530 intellectus
854 1499 964 1531 multo
987 1500 1208 1543 negotiosior,

69 1566 101 1590 et
124 1557 250 1597 nescio,
275 1569 319 1596 an
341 1557 440 1590 facile
463 1556 513 1598 sit,
538 1558 590 1590 vel
613 1556 701 1602 ipsas
724 1566 858 1592 tantum
891 1559 1070 1596 historicas
1094 1564 1205 1608 expla-

68 1630 153 1652 nare
173 1617 363 1667 sententias.
407 1618 487 1652 Deo
511 1628 626 1653 tamen
649 1619 810 1660 donante,
833 1621 990 1664 breviter,
1015 1636 1102 1668 quae
1124 1638 1205 1669 pos—

68 1691 201 1721 sumus,
231 1679 502 1724 perstringemus.
549 1681 685 1715 Bellum
709 1680 772 1715 t‘ibi
796 1681 968 1724 imminet,
1010 1698 1030 1717 o
1056 1699 1113 1718 rex
1137 1685 1206 1720 Ba-

69 1739 147 1772 lach
169 1739 268 1785 fili3)
292 1741 447 1786 Sephor:
471 1752 624 1776 sexcenta
647 1742 754 1775 millia
780 1753 989 1779 armatorum
1020 1746 1105 1781 fines
1128 1757 1206 1783 tuos

68 1800 215 1838 irruunt.
261 1803 452 1846 Oportebat
476 1813 508 1836 et
532 1813 564 1836 te
589 1817 712 1848 parare
735 1818 845 1846 arma,
871 1806 1052 1840 exercitum
1080 1821 1204 1851 conge-

70 1861 203 1906 πει-(ιβ)
228 1862 272 1896 de
295 1864 548 1897 constructione
570 1866 695 1909 proelii
720 1866 883 1908 cogitare,
919 1877 957 1900 ut
979 1868 1068 1903 hosti
1093 1871 1205 1905 adhuc

69 1925 193 1968 procul
217 1925 341 1968 posito,
366 1925 467 1959 armis
490 1925 671 1961 instructus
697 1940 900 1961 occurreres.
949 1928 1003 1962 Tu
1020 1943 1100 1964 vero
1124 1932 1203 1966 mit-

71 1986 113 2019 tis
138 1986 181 2019 ad
203 1985 344 2020 Balaam
371 1987 540 2027 divinum,
574 1998 603 2020 ct
628 1988 730 2022 mittis
755 1990 860 2023 multa
885 2002 1044 2032 munera,
1069 2006 1107 2026 ac
1130 2007 1202 2028 ma-

169 2127 204 2170 ¹)
231 2127 331 2159 Num.
358 2127 452 2166 XXI,
474 2128 527 2162 35.
624 2127 660 2170 ²)
686 2127 786 2164 Num.
809 2126 923 2169 XXII,
946 2131 976 2164 1.
998 2133 1030 2165 2.

166 2181 203 2223 3)
229 2182 318 2216 Edd.
344 2183 482 2216 Merlini
505 2184 609 2217 male:
634 2183 733 2217 filius.

164 2238 202 2281 4)
229 2238 315 2273 Cod.
344 2238 577 2274 carnotensis:
603 2244 777 2282 „coge1·e.“
802 2240 840 2271 R,

867 2303 941 2334 10*
