1427 2460
0 0 40 106 ἶ,

1 192 14 241 ·÷²

4 243 14 292 ,3

331 119 367 142 m
391 108 570 142 Nummos
594 105 757 140 ΗοΜιωΑ
777 107 920 142 XXVII.
1128 111 1195 146 337

59 206 157 238 cunt,
192 198 228 231 in
253 198 375 243 quibus
396 197 534 240 singulis
559 196 642 242 quid
667 211 806 238 causae,
841 199 923 243 quid
949 198 1097 232 utilitatis
1122 199 1194 233 ani-

57 271 133 291 mae
165 260 410 300 commoratio,
446 259 570 303 quidve
610 259 810 293 eruditionis
846 270 902 292 aut
938 260 1194 295 illuminationis

57 319 214 364 accipiat,
250 321 312 353 scit
334 321 391 353 ille
414 321 504 354 solus
536 319 639 353 futuri
670 321 795 354 saeculi
826 331 942 366 pater,
985 321 1042 366 qui
1075 321 1119 355 ait
1152 323 1195 355 dc

55 390 160 413 semet
182 381 274 425 ipso,
307 381 384 426 quia
409 381 548 426 ‚‚ego¹)
578 395 652 415 sum
687 382 842 416 ostium.“
895 383 1027 423 „Nemo
1043 383 1080 427 ²)
1104 383 1194 416 venit

55 441 98 474 ad
122 440 276 481 Patrem,
306 442 370 475 nisi
400 455 462 486 per
498 447 584 475 me.“
641 442 710 487 Qui
741 443 888 477 fortassis
921 443 956 476 in
982 443 1032 477 his
1056 444 1193 486 singulis

0 515 4 534 z
53 502 287 536 mansionibus
313 503 496 549 unicuique
520 504 652 538 animae
677 504 798 538 ostium
824 505 897 545 fiet,
934 515 969 538 ut
994 518 1055 549 per
1081 505 1190 550 ipsum

53 562 164 604 intret,
183 573 214 596 et
228 577 291 609 per
309 565 421 610 ipsum
440 575 541 605 exeat,
568 575 598 598 et
625 566 774 599 inveniat
796 579 931 611 pascua,
957 576 987 599 et
1010 566 1131 600 iterum
1155 567 1192 600 in

0 662 2 669 γ
53 631 118 656 tret
129 625 172 657 ad
187 625 298 666 aliam,
324 636 356 659 et
376 626 458 660 inde
482 628 523 660 ad
555 626 655 660 aliam
682 626 905 668 mansionem,
929 641 1036 672 usque
1057 641 1125 672 quo
1149 629 1191 661 ad

51 684 163 730 ipsum
182 688 355 731 perveniat
372 698 514 733 patrem.
553 688 621 722 Sed
638 701 700 722 nos
718 701 807 733 pene
824 689 1041 722 immemores
1058 690 1191 733 praefa-

50 745 152 781 tionis
174 757 321 790 nostrae,
343 748 455 783 subito
473 749 625 782 auditum
639 759 784 784 vestrum
804 752 846 783 ad
862 751 925 783 alta
936 760 967 783 et
978 750 1104 783 excelsa
1119 765 1190 784 sur-

53 809 208 843 reximus.
241 809 351 844 Immo
364 824 442 844 vero
462 812 639 844 redeamus
665 812 707 844 ad
732 824 780 850 ea,
804 823 889 854 quae
915 811 1001 843 inter
1024 824 1087 844 nos
1113 811 1191 844 etin

49 869 150 903 nobis
176 880 348 912 geruntur.
395 872 436 904 ln
452 873 604 918 Aegypto
631 880 726 904 erant
749 871 810 904 filii
835 872 946 912 Israel,
970 872 1006 905 in
1031 873 1190 916 opexibus

49 930 237 965 Pharaonis
254 931 338 975 regis
349 934 421 966 luto
440 948 478 967 ac
505 935 609 967 latere
639 933 888 975 affligebantur,
911 934 1023 967 donec
1046 932 1188 976 ingemi-

49 1002 177 1026 scentes
210 993 395 1028 clamarent
426 996 470 1027 ad
501 995 710 1035 Dominum,
750 1004 783 1028 et
813 995 992 1029 exaudiens
1024 996 1187 1038 gemitum

49 1066 168 1088 corum
191 1055 338 1089 mitteret
361 1055 399 1090 iis
423 1056 563 1089 verbum
589 1069 688 1089 snum
712 1069 774 1101 per
797 1057 940 1095 Mosen,
972 1065 1004 1088 et
1028 1057 1186 1089 educeret

48 1127 105 1149 eos
128 1117 171 1149 de
193 1118 357 1163 Aegypto.
410 1117 455 1150 Et
486 1131 549 1151 nos
575 1130 653 1160 ergo
686 1131 763 1150 cum
789 1130 934 1150 essemus
959 1117 992 1149 in
1017 1118 1186 1163 Aegypto,

47 1177 167 1210 mundi
193 1177 270 1210 dico
292 1178 392 1223 hujus
417 1179 590 1212 erroribus
618 1188 653 1211 et
672 1178 884 1221 ignorantiae
899 1177 1074 1217 ,tenebris‚
1100 1190 1185 1222 ope-

47 1247 158 1274 rantes
185 1251 288 1284 opera
313 1240 453 1279 diaboli,
477 1249 509 1273 et
533 1240 567 1272 in
593 1239 872 1284 concupiscentiis
897 1248 929 1272 et
951 1237 1185 1283 voluptatibus

48 1299 173 1340 carnis,
201 1301 377 1334 miseratus
409 1310 456 1335 est
488 1301 661 1335 Dominus
693 1300 913 1334 afflictionem
944 1309 1114 1339 nostram,
1154 1308 1186 1332 et

47 1360 137 1394 misit
160 1362 312 1396 Verbum
336 1376 436 1397 suum
459 1363 671 1405 unigenitum
688 1361 826 1402 Filium,
853 1360 911 1406 qui
935 1374 998 1394 nos
1022 1362 1064 1393 de
1088 1360 1185 1402 igno-

45 1422 152 1456 rantia
177 1424 302 1457 erroris
326 1434 476 1469 ereptos,
502 1425 545 1457 ad
568 1426 680 1457 lucem
705 1423 839 1456 divinae
862 1422 942 1464 legis
967 1423 1162 1457 adduceret.

133 1486 163 1520 3-
211 1485 282 1519 Sed
311 1486 426 1531 primo
460 1487 615 1519 omnium
646 1485 777 1518 intuere
816 1482 965 1531 mysterii
996 1483 1184 1516 rationem:

45 1559 146 1591 quam
171 1547 231 1591 qui
254 1547 433 1590 diligenter
457 1546 749 1591 observaverit3),
771 1546 807 1579 in
832 1544 1013 1590 Scripturis
1036 1543 1185 1577 inveniet

43 1608 79 1641 in
104 1608 292 1650 egressione
314 1609 467 1642 filiorum
490 1609 593 1642 Israel
625 1610 667 1642 de
691 1610 867 1654 Aegypto,
905 1605 1127 1651 quadraginta
1151 1614 1185 1638 et

43 1670 127 1704 duas
150 1669 280 1704 hahitas
304 1683 374 1703 esse
399 1669 606 1704 mansiones:
639 1680 671 1703 et
695 1683 828 1703 rursum
854 1669 1015 1701 adventus
1039 1666 1183 1700 Domini

45 1740 78 1765 et
100 1731 284 1765 salvatoris
318 1732 427 1765 nostri
457 1731 493 1764 in
523 1732 615 1764 hunc
649 1733 835 1771 mundum,
872 1743 935 1775 per
959 1728 1181 1773 quadraginta

43 1802 76 1826 et
88 1793 171 1828 duas
194 1793 427 1835 generationes
446 1793 634 1827 adducitur.
682 1792 740 1826 Sic
758 1792 849 1825 enim
861 1791 1055 1824 Matthaeus
1068 1789 1181 1822 Evan-

43 1853 159 1896 gelista
183 1864 447 1895 commemorat,
473 1855 606 1889 dicens:
631 1855 701 1895 „ab
723 1855 895 1888 Abraham
920 1864 1028 1896 usque
1052 1853 1095 1885 ad
1108 1851 1181 1884 Da-

42 1914 99 1949 vid
121 1927 252 1958 regem,
275 1916 507 1959 generationes
532 1916 810 1961 quatuordecim:
836 1924 868 1948 et
892 1927 910 1947 a
934 1912 1048 1946 David
1071 1925 1180 1957 usque

0 1985 1 1988 ’
42 1977 87 2010 ad
108 1977 436 2020 transmigrationem
467 1977 673 2024 Babylonis,
704 1976 936 2020 generationes
969 1975 1179 2020 quatuorde-

136 2159 172 2204 ¹)
193 2159 254 2194 Ev.
277 2161 402 2195 Joann.
425 2162 475 2203 X,
498 2163 529 2197 9.

133 2216 170 2260 ²)
194 2216 255 2250 Ev.
277 2216 402 2251 Joann.
426 2218 527 2259 XIV,
551 2219 582 2252 6.

135 2271 172 2316 ³)
198 2272 456 2307 Edd.Me1-lini2
473 2274 701 2309 observaverit
713 2273 747 2306 in
760 2273 951 2319 scripturis:
968 2271 1114 2307 inveniet
1127 2281 1176 2305 etc

4 2322 7 2324 ’
43 2330 220 2367 Omezms
247 2334 508 2381 OPERA2Tom.
531 2336 575 2368 X.
865 2336 911 2370 22
