1427 2460
218 107 286 141 100
699 104 876 138 Omessms

221 195 330 239 genda
354 203 401 227 est
425 192 617 226 Trinitatis:
648 193 880 239 interpretatio
914 194 1004 227 enim
1030 192 1219 227 Cherubim
1243 194 1358 228 multi·

221 257 394 295 tudinem,
418 254 454 287 id
479 263 544 293 est,
577 255 825 299 perfectionem
850 254 1007 288 scientiae
1029 254 1174 288 indicat:
1206 264 1239 288 et
1270 268 1359 300 quae

224 327 271 352 est
293 317 358 351 alia
381 316 558 361 perfectio,
581 315 645 348 nisi
669 315 841 357 agnovisse
864 325 1006 360 patrem,
1030 326 1063 351 et
1086 315 1206 357 filium,
1230 325 1263 350 et
1278 315 1358 362 Spi-

224 380 327 413 ritum
352 376 532 411 sanctum?
580 376 674 409 Haec
700 389 779 418 ergo
806 379 955 411 curanda
979 387 1057 412 sunt
1087 377 1133 411 ita
1148 377 1183 422 ¹)
1207 390 1225 410 a
1248 391 1360 412 sacer-

225 440 380 479 dotibus,
416 448 454 473 ut
485 438 752 472 incontaminata
785 447 816 471 et
838 439 950 472 illaesa
975 447 1159 473 serventur.
1221 439 1290 473 Sed
1327 449 1360 473 et

224 515 311 535 urna
336 501 464 534 habens
487 500 669 533 coelestem
701 498 817 532 cibum
842 513 1006 540 mannae,
1036 501 1211 535 thesaurus
1241 500 1359 546 utique

227 573 275 598 est
297 564 391 597 verbi
415 561 530 597 divini.
575 561 621 594 Et
644 574 721 595 arca
747 574 867 602 aurea,
899 561 934 594 in
959 575 1025 606 qua
1048 572 1127 596 sunt
1149 563 1286 596 tabulae
1308 571 1360 596 te-

224 623 403 663 stamenti.
438 632 477 656 ut
501 622 642 668 opinor,
678 635 750 655 non
783 622 876 655 aliud
909 636 1010 668 quam
1035 636 1131 656 mens
1153 634 1268 658 nostra
1293 636 1362 658 esse

228 687 438 726 declaratur,
473 685 509 718 in
535 698 601 729 qua
625 685 732 727 legem
767 684 835 717 Dei
867 672 1030 718 debemus
1071 685 1197 718 habere
1234 683 1359 718 descri-

230 758 334 793 ptam.
398 747 493 779 Haec
533 755 644 779 autem
678 758 774 779 mens
803 759 904 780 aurea
941 747 1043 780 debet
1078 759 1165 787 esse,
1205 747 1274 780 hoc
1312 754 1361 780 est

228 823 327 855 pura,
363 819 395 842 et
417 807 581 854 pretiosa,
615 807 652 839 in
690 821 755 852 qua
790 807 897 850 legem
931 807 999 840 Dei
1029 807 1230 853 descriptam
1273 820 1362 842 sem-

228 885 292 917 per
318 872 522 910 habeamus,
557 869 642 902 sicut
682 870 867 914 Apostolus
900 868 997 902 dicit:
1029 870 1258 914 ‚,scriptam²)
1287 882 1361 903 non

229 942 437 972 atramento,
470 931 530 965 sed
561 929 681 974 spiritu
706 929 773 962 Dei
796 929 877 962 vivi:
907 942 978 963 non
1002 929 1037 963 in
1062 930 1186 965 tabulis
1209 931 1362 976 lapideis,

228 994 345 1028 sedin
369 993 491 1027 tabulis
516 991 627 1025 cordis
660 991 882 1025 carnalibus.“
934 990 1012 1024 Hoc
1042 1001 1091 1025 est
1121 991 1229 1032 enim,
1268 992 1364 1036 quod

231 1065 263 1090 et
298 1057 342 1090 de
373 1055 576 1100 quibusdam
608 1052 748 1086 dicitur:
786 1051 915 1097 „qui³)
946 1055 1131 1087 ostendunt
1167 1067 1254 1099 opus
1284 1052 1365 1096 legis

229 1117 393 1162 scriptum
417 1115 452 1148 in
478 1114 639 1148 cordibus
663 1114 761 1148 suis.“
816 1114 902 1157 Quis
938 1124 1048 1148 autem
1072 1114 1206 1160 scripsit
1226 1113 1262 1147 in
1287 1127 1364 1147 cor-

232 1178 331 1212 dibus
356 1189 486 1215 eorum,
509 1175 574 1208 nisi
597 1175 691 1208 Deus
716 1174 820 1216 digito
844 1174 932 1209 suo?
980 1176 1104 1218 Legem
1127 1176 1244 1221 utique
1265 1172 1366 1209 natu-

232 1240 350 1279 ralem,
373 1251 475 1283 quam
501 1236 596 1270 dedit
618 1236 713 1269 Deus
737 1237 889 1270 humano
914 1236 1038 1280 generi,
1065 1246 1097 1270 et
1112 1238 1147 1271 in
1160 1246 1363 1272 cunctorum

232 1300 404 1334 mentibus
432 1298 580 1344 scripsit:
615 1300 708 1332 unde
744 1307 776 1331 et
806 1298 902 1331 initia
938 1298 1120 1340 sumimus,
1162 1311 1202 1331 ac
1234 1299 1363 1332 semina

234 1362 403 1406 quaedam
427 1361 471 1393 ad
495 1361 776 1404 perscrutandam
808 1360 958 1404 capimus
987 1360 1179 1393 veritatem:
1203 1372 1290 1404 quae
1313 1372 1365 1393 se-

232 1422 325 1456 mina
349 1423 375 1455 si
401 1422 489 1454 bene
513 1422 725 1461 excolamus,
757 1422 908 1454 fructum
932 1419 1017 1454 vitae
1040 1422 1184 1454 afferent
1206 1421 1242 1454 in
1266 1420 1367 1454 nobis

232 1484 269 1516 in
294 1482 428 1517 Christo
453 1483 535 1516 Jesu
558 1483 714 1516 Domino
738 1492 878 1522 nostro,
909 1482 964 1516 cui
995 1490 1042 1516 est
1072 1481 1176 1524 gloria
1201 1491 1233 1516 et
1255 1482 1363 1528 impe-

234 1545 321 1578 rium
344 1545 379 1578 in
402 1544 537 1579 saecula
560 1544 785 1578 saeculorum.
834 1545 953 1577 Amen.

511 1806 958 1865 HoMl'LlA
1016 1823 1103 1864 xl.

393 1924 460 1956 De
505 1920 835 1967 primitiis4)
883 1919 1210 1958 offerendis.

327 2013 358 2046 1.
382 2011 549 2046 Primitias
574 2011 728 2046 omnium
753 2010 908 2050 frugum,
939 2009 1164 2056 omniumque
1185 2014 1369 2058 pecudum,

238 2074 468 2107 sacerdotibus
491 2074 543 2106 lex
566 2073 707 2106 mandat
729 2070 865 2106 offerri:
888 2068 934 2103 ita
966 2079 1003 2104 ut
1027 2073 1154 2116 omnis,
1177 2075 1236 2120 qui
1258 2076 1366 2121 possi·

332 2173 366 2217 ι)
391 2174 496 2207 Deest
517 2173 606 2214 „ita“
630 2174 666 2206 in
691 2152 769 2208 'eda
793 2173 842 2207 Μ.

330 2229 367 2272 ²)
392 2230 422 2261 11
449 2228 527 2262 Cor.
552 2229 611 2268 III,
633 2229 665 2263 3.
759 2229 797 2274 ³)
821 2231 922 2265 Rom.
948 2230 990 2272 II,
1014 2232 1065 2266 15.

331 2284 368 2328 ⁴)
393 2284 462 2318 Cfr.
488 2285 590 2320 Num.
615 2285 740 2318 XVHI.
