1427 2460
231 111 300 146 354
710 109 889 144 Omenms

233 199 420 234 cretionem
452 200 579 233 habere
610 198 798 240 visionum,
837 200 919 234 inde
950 200 1157 246 probabitur
1193 200 1373 246 spiritualis

233 276 312 303 esse,
335 262 362 296 si
385 262 445 296 scit
472 261 587 294 omnia
612 260 815 295 discernere.
871 261 1004 296 Idcirco
1038 262 1188 307 denique
1229 272 1261 296 et
1286 262 1373 296 inter

231 325 323 358 dona
349 322 536 369 spiritualia
561 336 670 355 unum
705 335 744 356 ex
776 323 876 357 donis
900 324 1006 358 sancti
1038 324 1183 370 Spiritus
1209 337 1279 358 esse
1302 337 1374 358 me-

231 396 388 420 moratur
413 384 572 418 discretio
598 384 791 430 spirituum.

300 449 353 484 12.
399 446 574 488 „Profecti
590 447 623 490 ¹)
647 459 727 480 vero
752 459 791 479 ex
815 446 948 481 deserto
974 446 1047 487 Sin,
1069 458 1235 482 venerunt
1257 447 1294 482 in
1306 447 1375 482 Ra-

232 511 373 556 pbaca.“
419 509 581 554 Raphaca
621 508 864 554 interpretatur
894 507 1026 542 sanitas.
1073 510 1176 544 Vides
1216 511 1374 544 ordinem

233 574 462 618 profectuum,
487 572 667 616 quomodo
691 570 752 604 ubi
777 569 846 616 jam
870 569 1055 616 spiritualis
1081 572 1227 606 efficitur
1251 572 1375 613 anima,

233 645 266 668 et
289 635 529 668 discretionem
554 632 751 666 coelestium
776 633 929 677 coeperit
952 633 1080 667 habere
1094 634 1273 675 visionum,
1297 648 1376 680 per-

231 697 322 731 venit
347 698 390 731 ad
414 696 600 736 sanitatem,
632 705 669 728 ut
692 695 816 728 merito
842 694 948 728 dicat:
981 696 1232 740 „benedicat²)
1263 697 1374 730 anima

231 772 307 794 mea
331 758 545 798 Dominum,
576 766 609 790 et
634 756 751 790 omnia
775 756 940 790 interiora
964 770 1040 790 mea
1067 771 1197 791 nornen
1221 768 1374 793 sanctum

234 821 337 867 ejus.“
385 823 499 870 Quem
532 818 751 853 Dominum?
791 818 934 864 „Qui³)
967 829 1072 860 sanat,
1102 819 1224 866 inquit,
1258 835 1377 855 omnes

234 885 415 926 languores
438 892 527 924 tuos,
555 881 614 926 qui
638 880 775 914 redimit
799 881 842 915 de
865 879 1004 914 interitu
1020 882 1120 915 vitam
1135 887 1263 917 tuam.“
1288 883 1377 917 Sunt

235 947 326 981 enim
350 944 448 978 multi
472 944 652 986 languores
678 942 821 976 animae.
869 942 1018 976 Avaritia
1048 944 1196 986 languor
1220 944 1292 992 ejus
1316 955 1374 986 est,

236 1018 268 1042 et
302 1007 439 1054 quidem
473 1003 649 1051 pessimus.
697 1004 879 1049 Superbia,
908 1004 970 1045 ira,
1008 1003 1179 1051 jactantia,
1210 1006 1378 1047 formido,

234 1068 474 1106 inconstantia.
510 1066 781 1111 pusillanimitas,
814 1075 847 1099 et
880 1066 1005 1100 horum
1043 1067 1175 1101 similia.
1224 1068 1377 1113 Quando

236 1145 303 1172 me,
326 1129 482 1164 Domine
504 1129 598 1168 Jesu,
622 1129 665 1160 ab
678 1127 716 1171 ἰ)
740 1127 791 1161 his
809 1129 970 1162 omnibus
984 1129 1208 1172 languoribus
1224 1130 1401 1181 curabis?.

235 1194 387 1238 Quando
422 1190 565 1231 sanabis,
596 1199 633 1223 ut
659 1202 719 1233 ego
748 1190 875 1233 dicam:
907 1191 1075 1231 „benedic
1089 1190 1127 1235 ⁵)
1154 1191 1267 1225 anima
1299 1205 1375 1226 mea

232 1256 438 1296 Dominum,
464 1252 523 1299 qui
547 1262 643 1286 sanat
668 1265 788 1287 omnes
813 1252 970 1295 langores
994 1251 1116 1287 tuos?“
1140 1262 1179 1287 ut
1200 1254 1330 1298 possim
1346 1264 1378 1288 et

235 1330 296 1362 ego
321 1315 535 1351 mansionem
554 1316 665 1348 facere
680 1314 716 1347 in
735 1314 908 1359 Raphaca,
932 1315 1027 1359 quod
1044 1324 1091 1348 est
1105 1315 1253 1350 sanitas?
1284 1317 1379 1350 Lon·

237 1392 319 1422 gum
344 1388 403 1419 est,
425 1378 454 1412 si
474 1377 613 1411 velimus
637 1377 687 1410 ire
710 1389 773 1421 per
795 1375 940 1419 singulas
963 1375 1169 1418 mansiones,
1190 1388 1223 1411 et
1237 1390 1275 1411 ex
1291 1391 1377 1411 una-

235 1454 388 1487 quaque,
412 1439 439 1474 si
463 1452 530 1483 qua
555 1452 593 1472 ex
616 1438 800 1472 nominum
823 1437 1116 1483 contemplatione
1139 1448 1376 1481 suggeruntur,

234 1502 384 1548 aperire:
414 1500 556 1535 strictim
588 1508 704 1533 tamen
735 1508 768 1532 et
790 1500 939 1533 breviter
961 1512 1211 1545 percurremus,
1242 1510 1281 1534 ut
1302 1514 1376 1534 non

233 1573 304 1598 tam
327 1563 466 1609 plenam
491 1561 585 1596 vobis
618 1561 876 1607 expositionem,
901 1561 980 1606 quia
1011 1561 1154 1595 minime
1178 1561 1213 1595 id
1238 1571 1374 1607 tempus

233 1625 403 1667 indulget,
431 1624 491 1658 sed
522 1623 717 1658 occasiones
737 1622 776 1656 in
800 1622 841 1657 iis
864 1622 1103 1665 intelligentiae
1134 1625 1374 1669 praebeamus.

234 1686 504 1722 proficiscuntur
527 1698 606 1728 ergo
632 1698 670 1719 ex
685 1685 859 1730 Raphaca,
883 1694 916 1718 et
940 1685 1080 1719 veniunt
1102 1685 1139 1719 in
1162 1686 1278 1720 Halus.
1302 1687 1376 1721 Ha·-

231 1750 285 1784 lus
309 1749 445 1782 labores
468 1748 746 1792 interpretantur.
792 1747 865 1780 Nec
899 1747 1042 1787 mineris,
1071 1747 1099 1781 si
1121 1748 1298 1782 sanitatem
1320 1762 1374 1782 se-

235 1820 387 1856 quuntur
420 1811 565 1844 labores.
614 1809 803 1855 Propterea
836 1809 925 1843 enim
967 1819 998 1843 et
1029 1809 1228 1854 adipiscitur
1251 1824 1270 1844 a
1294 1811 1372 1844 Do-

234 1872 329 1906 mino
363 1871 476 1905 anima
501 1872 688 1912 sanitatem,
720 1880 757 1905 ut
788 1871 924 1905 labores
957 1871 1213 1913 delectabiliter,
1245 1881 1279 1905 et
1300 1885 1374 1906 nou

233 1934 335 1968 invita
366 1932 532 1978 suscipiat.
580 1933 718 1967 Dicitur
749 1934 841 1967 enim
873 1933 920 1967 ei:
952 1933 1109 1974 „labores
1123 1933 1160 1978 ⁶)
1196 1934 1372 1967 fructuum

232 2005 371 2029 tuorum
401 1995 637 2036 manducabis,
670 1996 787 2030 beatus
811 2008 854 2036 es,
889 2004 923 2028 et
945 1996 1033 2028 bene
1064 1995 1127 2028 tibi
1152 1994 1245 2029 erit.“
1291 1995 1373 2028 Post

329 2184 363 2227 ¹)
389 2185 490 2219 Num.
515 2185 680 2226 XXXHI,
706 2187 760 2220 12.
858 2186 896 2230 2)
921 2186 1044 2220 Psalm.
1070 2185 1156 2226 CIII,
1181 2186 1211 2225 1.>

326 2240 361 2283 ³)
386 2241 509 2274 Psalm.
536 2241 625 2282 CIII,
648 2243 678 2277 3.
702 2243 732 2276 4.
828 2242 865 2287 4)
888 2242 978 2276 Edd.
1003 2241 1160 2275 Merlini:
1185 2241 1228 2274 ab
1253 2240 1302 2274 iis.

326 2295 361 2339 ⁵)
386 2296 507 2330 Psalm.
535 2297 627 2338 CIII,
660 2300 690 2332 1.
712 2300 744 2333 2.
768 2299 800 2333 3.
897 2298 934 2342 ⁶)
959 2298 1084 2332 Psalm.
1117 2295 1314 2336 CXXVIII,
1337 2296 1370 2330 2.
