1427 2460
326 86 361 109 m
380 75 560 108 Nummos
577 72 738 106 HommA
769 71 898 105 XXVI.
1129 73 1196 108 327

0 162 16 198 ι’
60 181 124 211 pro
149 167 270 211 quibus
294 164 534 198 haereditatem
559 177 652 197 suam
680 172 769 196 extra
787 161 948 197 ,Iordanis
964 161 1089 195 fluenta
1114 175 1193 206 per—

61 227 167 272 cepit,
198 236 229 260 et
261 240 278 260 a
308 236 396 259 terra
424 239 460 259 se
490 235 601 258 sancta
626 224 704 258 fecit
729 224 887 257 alienum.
935 223 996 257 Ille
1021 236 1101 266 ergo
1125 236 1191 268 po-

59 289 158 333 pulus
191 287 319 332 accepit
349 287 590 321 haereditatem
622 300 684 331 per
714 286 853 328 Mosen,
902 285 1034 330 accepit
1066 294 1192 318 terram

58 352 206 383 duorum
230 362 346 391 regum
369 349 623 382 tantummodo.
679 348 758 381 Non
790 348 880 380 enim
910 346 1056 391 amplius
1078 345 1192 391 potuit

57 411 170 444 Moses
193 410 384 443 interficere
407 410 470 444 nisi
502 412 589 443 duos
619 422 728 451 reges,
761 421 909 454 quorum
939 418 1065 442 terram
1101 408 1191 442 divi-

56 473 150 505 deret
168 473 314 516 populis,
338 473 444 505 multa
461 471 617 504 animalia
632 472 806 515 multaque
827 483 952 515 pecora
977 469 1190 503 habentibus.

55 533 121 566 Illis
143 545 242 575 veru,
267 532 326 578 qui
349 534 538 566 Jordanem
561 542 753 573 transeunt,
782 533 880 565 Jesus
907 530 1025 566 dividit
1053 540 1190 570 terram,

52 594 203 639 quamvis
232 595 380 628 habeant
411 595 512 628 etiam
543 594 607 640 ipsi
641 594 818 635 animalia,
865 594 1012 626 habeant
1050 605 1188 637 pecora,

50 670 120 689 non
144 665 259 689 tamen
281 665 384 696 tanta,
409 669 495 700 quae
519 669 576 689 eos
602 657 791 696 excludant,
814 668 858 688 ne
870 655 1059 688 Jordanem
1079 664 1193 687 trans—⁷

51 726 144 758 eant,
167 719 227 751 sed
250 731 328 750 cum
353 717 431 762 ipsis
455 727 488 750 et
511 717 727 757 mulieribus,
752 726 784 750 et
807 730 885 750 cum
910 715 1096 749 infantibus
1120 714 1187 748 suis

50 780 262 812 contendunt
292 777 433 811 transire
460 778 670 819 Jordanem,
706 788 739 811 et
768 779 811 811 ad
842 786 979 822 patrum
1011 776 1187 821 pervenire

48 841 221 885 promissa.
269 839 323 872 Illi
348 849 459 873 autem
484 849 626 883 propter
649 853 772 884 pecora
798 849 831 872 et
853 838 1021 884 jumenta,
1051 847 1082 870 et
1108 851 1184 870 mu-

48 902 143 936 lieres
164 914 259 941 suas,
284 910 316 933 et
339 900 493 939 infantes,
516 914 586 933 non
612 910 800 945 potuerunt
824 900 964 934 transire
983 899 1183 953 Jordanem'

46 976 108 996 nec
132 963 174 995 ad
189 963 292 995 fidem
307 960 440 1002 Christi,
465 975 552 1006 quae
572 972 619 995 est
639 972 727 995 terra
741 962 1025 1007 repromissionis,
1049 962 1184 994 intrare.

133 1025 165 1057 5.
212 1024 371 1068 increpat
397 1033 509 1056 tamen
532 1023 665 1063 Moses,
700 1033 732 1055 et
756 1023 836 1056 dicit
866 1025 908 1057 ad
933 1024 1022 1056 filios
1046 1024 1182 1062 Ruben,

45 1096 78 1119 et
109 1087 152 1118 ad
174 1086 264 1119 filios
289 1085 384 1118 Gad:
420 1086 566 1125 „fratres
587 1084 620 1126 ¹)
645 1084 744 1116 vestri
767 1095 909 1128 pergent
932 1086 974 1118 ad
999 1084 1180 1129 proelium,

45 1157 77 1180 et
100 1160 157 1180 vos
179 1147 334 1180 sedebitis
359 1145 436 1179 hic?
483 1144 527 1177 Et
551 1158 655 1190 quare
684 1146 872 1189 pervertitis
897 1148 1002 1180 corda
1027 1145 1178 1179 filiorum

44 1210 159 1249 lsrael,
188 1218 227 1241 ut
258 1221 330 1240 non
354 1216 525 1240 transeant
548 1207 583 1239 in
607 1217 750 1247 terram,
784 1220 885 1252 quam
916 1207 1090 1241 Dominus
1121 1208 1178 1240 dat

43 1269 133 1304 iis?“
178 1269 224 1302 Et
243 1283 320 1302 cum
348 1268 565 1312 increpuisset
590 1281 647 1302 eos
671 1266 870 1311 hujusmodi
890 1269 1016 1302 verbis:
1041 1282 1178 1308 „acces-

40 1331 238 1375 serunt,“²)
262 1330 390 1375 inquit,
426 1331 497 1370 „ad
523 1343 599 1362 eum
623 1330 682 1362 filii
709 1330 849 1370 Ruben,
880 1341 911 1364 et
933 1330 994 1364 filii
1021 1330 1116 1370 Gad,
1145 1340 1178 1363 et

42 1392 218 1425 dicebant:
244 1390 343 1424 ovilia
368 1391 487 1424 ovibus
511 1390 752 1425 fabricabimus
777 1392 843 1431 hic,
871 1403 903 1425 et
925 1393 1119 1437 pecoribus,
1145 1402 1177 1425 et

41 1453 186 1486 civitates
209 1452 459 1497 impedimentis
484 1453 617 1492 nostris,
641 1463 674 1485 et
700 1466 763 1486 nos
787 1453 906 1486 armati
929 1453 1040 1497 prima
1064 1464 1175 1487 turma

40 1515 235 1548 incedemus
263 1523 342 1547 ante
374 1514 462 1547 filios
494 1514 612 1553 lsrael,
643 1527 749 1558 usque
775 1527 843 1559 quo
867 1516 1093 1560 perducamus
1119 1528 1176 1548 eos

41 1577 76 1609 in
106 1589 203 1609 suum
238 1576 386 1608 locum.“
444 1576 488 1608 Et
527 1576 610 1609 haec
647 1576 899 1621 promittentes,
938 1577 1176 1618 mitigaverunt

41 1638 181 1677 Mosen,
218 1637 263 1670 ita
294 1646 333 1669 ut
361 1638 433 1682 ipse
466 1651 523 1671 eos
555 1639 812 1671 commendaret
834 1640 913 1672 ,Iesu
945 1647 977 1671 et
1000 1639 1172 1671 Eleazaro.

0 1699 4 1702 ’
39 1700 86 1732 Ita
120 1698 209 1731 enim
240 1698 403 1742 scriptum
434 1708 498 1732 est:
540 1699 647 1741 ‚,et³)
687 1698 840 1732 adhibuit
876 1700 952 1733 illos
985 1699 1098 1732 Moses
1131 1700 1173 1732 ad

39 1761 237 1794 Eleazarum
262 1761 493 1802 sacerdotem,
519 1769 552 1793 et
575 1760 692 1793 Jesum
717 1760 827 1793 filium
850 1761 959 1801 Nave,
990 1770 1021 1793 et
1044 1760 1170 1806 princi—

39 1836 97 1866 pes
121 1821 327 1855 familiarum
352 1822 501 1855 tribuum
526 1822 637 1855 Israel.
690 1823 734 1855 Et
765 1823 810 1856 ait
834 1823 876 1855 ad
909 1835 967 1856 eos
990 1821 1121 1855 Moses:
1145 1824 1173 1855 si

38 1883 228 1916 transierint
252 1882 313 1915 filii
336 1883 480 1923 Rubcn,
516 1892 548 1916 et
570 1884 631 1917 filii
656 1884 733 1917 Gad
764 1884 938 1918 vobiscum
969 1884 1170 1926 Jordanem,

38 1944 148 1978 omnis
173 1954 319 1978 armatus
342 1945 384 1977 ad
410 1945 581 1989 proelium
607 1960 724 1980 coram
748 1946 922 1987 Domino,
952 1955 984 1979 et
1012 1946 1170 1979 obtinue-

132 2135 167 2178 ¹)
190 2127 292 2168 Numss
317 2134 472 2176 xxxn,
496 2135 528 2169 6.
552 2136 583 2169 7.

131 2189 168 2233 ²)
191 2191 294 2224 Num.
317 2190 474 2234 XXXII,
498 2191 552 2226 16.
575 2191 627 2224 17.

134 2245 169 2290 ³)
194 2247 295 2280 Num.
320 2244 473 2297 Xx2<11‚
493 2246 548 2282 28.
571 2247 624 2281 29.
