1427 2460
343 91 378 114 m
404 81 583 114 Nummos
610 79 772 112 ΗοΜῐιῐΑ
798 79 875 112 ΧΧ.
1106 81 1176 114 251

44 170 130 204 tium
161 171 310 204 diversae
339 169 578 215 philosophiae
609 169 839 203 nominentur.
888 169 987 212 Quae
1012 182 1086 201 cum
1112 169 1180 202 sin-

46 234 123 274 gula
155 244 351 274 agnoscere,
381 240 413 264 et
443 232 647 275 perscrutari
677 240 796 276 utpote
828 241 858 264 ct
888 229 1124 264 scientissimus
1149 240 1181 263 et

47 294 305 339 sapientissimus
334 292 510 333 voluisset,
541 303 646 326 semet
676 293 787 336 ipsum
816 292 904 325 intra
938 291 1017 334 legis
1049 291 1182 325 divinae

47 357 195 398 regulam
219 365 333 388 tenere
355 367 427 387 non
449 354 572 399 potuit.
616 354 762 399 Decepit
792 367 869 387 eum
893 353 1081 386 Moabitica
1104 353 1182 398 phi-

46 417 214 461 losophia,
238 426 270 449 et
291 416 466 461 persuasit,
488 425 525 448 ut
541 415 637 449 idolo
654 415 843 449 Moabitico
862 415 1066 454 immolaret,
1089 415 1182 448 simi—

48 479 123 510 liter
165 487 196 510 et
227 478 503 511 Ammonitarum
524 477 568 522 Ι),
610 479 670 511 sed
713 487 744 510 et
778 477 985 522 reliquarum
1020 476 1183 517 gentium,

47 552 190 583 quarum
220 540 378 573 mulieres
410 539 533 572 dicitur
556 538 740 584 recepisse,
773 548 806 572 et
829 537 1021 572 aedificasse
1043 538 1184 581 templa,

46 600 98 633 vel
135 601 328 634 immolasse
366 600 467 634 idolis
500 614 626 633 earum.
682 600 823 634 Grande
852 608 901 633 est
930 612 1009 641 ergo
1042 608 1074 632 et
1105 611 1182 632 vere

47 673 133 705 opus
167 662 253 702 Dei,
294 672 408 695 tamen
445 663 561 695 multis
599 662 814 704 dogmatibus
853 661 946 705 quasi
982 659 1182 693 mulieribus

45 722 193 762 misceri,
224 737 287 756 nec
313 734 427 757 tamen
450 737 468 756 a
493 725 637 757 veritatis
661 725 775 765 regula
798 723 986 762 declinare,
1013 722 1074 755 sed
1097 735 1181 755 con-

44 792 172 816 stanter
208 786 334 818 dicere:
377 786 543 826 sexaginta
559 785 596 828 ²)
635 794 714 818 sunt
748 784 902 827 reginae,
939 793 972 816 et
1010 783 1182 825 octoginta

47 845 279 886 concubinae,
303 855 336 879 et
359 847 647 884 adolescentulae,
672 859 816 890 quarum
840 859 912 879 non
936 854 983 879 est
1001 858 1182 878 numerus:

45 919 114 939 una
138 916 253 940 tamen
277 917 325 954 est
349 909 509 941 columba
534 921 625 948 mea,
648 910 798 952 perfecta
823 920 915 947 mea,
948 920 1017 940 una
1041 915 1090 940 est
1111 919 1183 939 ma-

45 966 103 1000 tris
133 980 230 1008 suae,
261 982 329 1001 una
362 979 409 1002 est
437 969 606 1011 genitricis
634 982 723 1003 suae.
771 969 840 1003 Sed
869 968 922 1002 isti
954 969 1183 1001 adoraverunt

45 1029 156 1069 idola,
191 1039 223 1063 et
254 1031 441 1064 consecrati
470 1040 548 1064 sunt
571 1031 797 1076 Beelphegor.
850 1029 1067 1075 Beelphegor
1097 1029 1183 1063 idoli

45 1103 175 1123 nomen
206 1099 274 1131 est,
306 1093 401 1136 quod
431 1093 524 1136 apud
548 1093 751 1126 Madianitas
778 1092 962 1138 praecipue
990 1105 1009 1124 a
1030 1091 1183 1125 mulieri—

46 1152 110 1184 bus
139 1153 325 1186 colebatur.
372 1154 411 1185 ln
448 1153 547 1199 hujus
571 1167 650 1196 ergo
674 1153 761 1186 idoli
783 1154 946 1200 mysteriis
971 1163 1184 1187 consecratus

48 1221 95 1246 est
118 1213 228 1247 Israel.
275 1215 593 1260 Interpretationem
623 1214 773 1249 nominis
802 1215 906 1260 ipsius
931 1228 1008 1247 cum
1032 1214 1184 1259 require-

46 1288 158 1308 remus
183 1275 339 1309 attentius
361 1276 449 1309 inter
472 1277 628 1310 Hebraea
650 1277 812 1318 nomina,
846 1277 914 1309 hoc
937 1285 1068 1309 tantum
1090 1275 1184 1309 inve-

46 1335 159 1369 nimus
189 1336 371 1381 scriptum,
402 1338 482 1382 quia
504 1337 721 1382 Beelphegor
740 1337 868 1382 species
891 1339 933 1371 sit
954 1336 1184 1382 turpitudinis.

45 1397 166 1431 Noluit
189 1407 302 1431 tamen
326 1399 510 1438 declarare,
533 1412 621 1443 quae
643 1399 696 1432 vel
721 1399 828 1443 qualis
851 1398 988 1443 species,
1011 1399 1063 1431 vel
1088 1398 1184 1444 cujus
1224 1418 1232 1422 ἡ

0 1494 1 1499 ,
49 1468 133 1493 esset
153 1459 382 1504 turpitudinis,
401 1460 573 1494 honestati
598 1462 700 1493 credo
725 1461 916 1500 consulens,
941 1460 999 1504 qui
1015 1459 1184 1505 interpre-

8 1515 13 1520 ’
47 1529 135 1555 tatus
168 1530 235 1561 est,
264 1522 313 1555 uti
343 1535 387 1554 ne
419 1523 573 1556 auditum
604 1522 775 1567 pollueret
805 1522 1023 1556 audientium.
1076 1522 1183 1564 lgitur

48 1595 126 1615 cum
158 1582 287 1616 multae
317 1582 382 1616 sint
408 1583 661 1628 turpitudinum
685 1583 830 1628 species,
858 1597 926 1617 una
953 1585 1119 1628 quaedam
1145 1597 1183 1616 cx

46 1644 202 1688 pluribus
230 1643 448 1688 turpitudinis
470 1644 596 1687 species
617 1644 836 1690 Beelphegor
858 1646 1060 1690 appellatur.
1108 1644 1183 1677 Un-

51 1706 94 1737 de
123 1704 300 1738 sciendum
332 1714 398 1744 est,
431 1707 525 1750 quod
557 1707 686 1746 omnis,
717 1707 775 1751 qui
805 1706 933 1751 aliquid
963 1716 1065 1751 turpe
1089 1720 1185 1739 com-

30 1765 166 1806 smittit,
196 1776 229 1799 et
250 1767 285 1799 in
310 1767 458 1811 aliquam
481 1769 627 1812 speciem
650 1767 866 1812 turpitudinis
891 1769 1055 1806 declinat,
1086 1768 1184 1800 Beel-

48 1828 179 1872 phegor
203 1827 468 1862 Madianitarum
492 1829 677 1862 daemonio
703 1840 929 1864 consecratur.
978 1831 1047 1864 Sed
1072 1839 1103 1863 et
1122 1843 1183 1874 per

49 1889 179 1930 singula
211 1898 365 1934 peccata,
396 1903 481 1934 quae
511 1891 769 1930 committimus,
798 1891 942 1924 maxime
962 1891 991 1924 si
1015 1891 1081 1936 jam
1109 1905 1182 1924 non

49 1950 270 1996 subreptione
299 1950 429 1995 aliqua,
458 1953 517 1985 sed
546 1952 658 1986 studio
692 1954 883 1997 affectuque
906 1966 1106 1997 peccamus,
1135 1952 1185 1985 illi

48 2011 121 2045 sine
144 2013 251 2046 dubio
276 2014 452 2052 daemoni,
485 2013 538 2046 cui
561 2023 736 2058 peccatum
762 2015 863 2055 illud,
895 2016 989 2059 quod
1014 2015 1184 2048 commisi-

48 2086 142 2114 mus,
166 2074 338 2118 inoperari
364 2087 464 2108 curae
493 2084 553 2116 est,
578 2089 826 2109 consecramur.
872 2076 918 2109 Et
941 2078 1082 2110 fortasse
1099 2089 1183 2111 con-

146 2202 180 2246 1)
206 2202 294 2236 Edd.
319 2204 473 2237 Merlini:
499 2205 746 2239 Amanitarum.

145 2258 182 2301 ²)
209 2258 278 2296 Cfr.
296 2259 425 2293 Cantic.
440 2260 496 2300 VI,
509 2262 540 2296 7.
548 2262 579 2296 8.
606 2263 683 2295 coll.
706 2262 718 2293 Ι
733 2262 834 2304 Regg.
848 2262 908 2303 XI,
924 2263 956 2296 1.
979 2261 1048 2306 (ΙΙΙ
1061 2261 1181 2304 Regg.)
