1427 2460
344 75 381 98 m
406 65 586 98 Nummos
610 64 772 98 nomm
793 65 906 99 XXV.
1122 67 1190 103 307

19 152 21 154 ’
56 163 90 188 et
111 153 173 195 Ur,
197 162 230 187 et
252 153 408 187 Roboc.“
455 153 509 187 lsti
531 161 630 193 sunt,
660 152 718 197 qui
742 162 884 195 regnant
908 155 1000 200 apud
1023 154 1194 192 Madiani-

54 225 122 257 tas,
152 229 238 261 quos
261 227 440 260 superare,
471 223 503 247 et
526 213 658 259 penitus
684 216 810 248 debent
833 216 1041 259 exstinguere
1065 231 1193 260 omnes,

55 277 114 322 qui
145 277 290 310 militant
320 276 411 309 Deo.
457 276 544 309 Evin
576 288 723 321 namque
753 276 943 318 belluinus,
980 278 1033 311 vel
1063 279 1192 313 ferinus

52 339 302 384 interpretatur.
358 338 404 371 Et
439 337 617 382 quomodo
653 337 781 382 poteris
811 339 947 383 placere
979 340 1027 380 ei,
1071 336 1130 386 qui
1157 350 1191 374 te

10 423 11 427 ,
49 400 223 444 probavit,
255 400 283 434 si
315 412 387 432 non
418 398 600 432 abscideris
638 412 657 432 a
688 408 740 439 te,
781 409 812 432 et
842 399 977 445 penitus
1007 401 1192 446 peremeris

8 479 9 485 =
49 460 220 494 heliuinos
252 469 283 492 et
313 462 403 494 seros
445 461 582 495 m‘ores?
630 460 822 504 Quomodo
856 461 983 506 poteris
1016 464 1058 495 ad
1091 476 1190 496 man-

0 551 1 559 ,
47 530 221 555 suetorum
261 521 506 556 beatitudinem
548 522 742 566 pervenire,
782 522 845 556 nisi
883 522 978 567 prius
1007 523 1188 558 interficias

47 583 153 624 Evin,
178 593 210 616 et
233 582 337 616 morti
362 584 472 616 tradas
496 583 589 628 prius
607 583 642 627 ¹)
666 583 862 617 iracundiae
886 585 1079 620 feritatem?
1113 586 1186 628 Ego

46 653 144 690 puto,
168 645 263 690 quod
287 645 428 678 nomina
454 645 536 678 haec
560 644 854 689 scriptura—divina
871 658 945 679 non
961 660 1025 692 pro
1047 647 1186 682 historia

47 707 249 746 narraverit,
271 707 330 741 sed
355 720 420 751 pro
445 707 550 739 causis
576 715 607 739 et
631 707 732 740 rebus
755 706 927 752 aptaverit.
974 708 1064 741 Nam
1089 720 1186 754 putas

47 768 151 801 fuerit
181 767 301 812 aliquis
333 767 378 800 ita
408 768 544 808 stultus,
579 767 638 813 qui
669 768 742 801 filio
767 782 829 802 suo
854 781 984 802 nomen
1008 770 1187 805 Belluinus

46 828 265 873 imponeret?
313 829 382 861 Sed
419 828 485 861 hoc
517 828 666 862 arbitror
695 829 819 872 magis,
853 831 949 875 quod
972 830 1186 866 instructioni

47 889 237 924 animarum
263 890 474 934 prospexerit
495 903 607 923 sermo
634 890 785 931 divinus,
808 891 926 925 volens
948 892 1048 926 nobis
1073 903 1186 927 osten-

24 943 142 992 Vdere‚
168 952 263 997 quod
287 953 469 985 adversum
495 950 696 997 hujusmodi
719 951 798 985 vitia
821 953 967 987 militare
989 956 1184 995 debeamus,

44 1023 77 1047 et
108 1015 150 1047 de
184 1013 383 1059 habitaculis
414 1026 452 1046 ea
479 1014 587 1046 carnis
610 1023 747 1047 nostrae
772 1015 959 1058 depellere,
995 1025 1027 1048 et
1043 1016 1080 1061 2)
1104 1017 1184 1052 istos

43 1087 137 1117 reges
166 1077 283 1117 fugare
314 1077 357 1109 de
388 1088 492 1118 regno
525 1075 680 1120 corporis
716 1076 840 1109 nostri:
872 1076 968 1121 quod
999 1077 1183 1122 Apostolus

45 1136 230 1170 evidentius
263 1137 430 1179 designat,
463 1137 597 1170 dicens:
629 1148 727 1175 „non
744 1136 781 1179 ³)
819 1149 899 1178 ergo
923 1147 1039 1180 regnet
1061 1151 1185 1183 pecca-

42 1207 115 1231 tum
154 1197 190 1231 in
222 1207 330 1232 vestro
367 1198 504 1230 mortali
530 1198 711 1241 corpore.“
765 1197 826 1230 Vis
855 1207 969 1231 autem
1000 1198 1125 1240 videre,
1143 1200 1180 1246 ⁴)

42 1258 206 1305 quoniam
230 1272 301 1293 non
327 1259 437 1293 solum
463 1259 556 1303 apud
580 1267 715 1292 sanctos
738 1258 882 1292 nomina
914 1272 980 1304 pro
1016 1262 1118 1294 rebus
1143 1273 1179 1295 a·

0 1330 2 1361 y
38 1329 188 1365 ptantur,
211 1321 270 1353 sed
294 1320 395 1354 etiam
419 1322 512 1365 apud
539 1319 699 1359 Gentiles,
725 1329 756 1352 et
779 1319 976 1353 Barbaros?
1022 1321 1077 1355 De
1103 1336 1179 1356 san-

37 1381 97 1416 ctis
127 1380 264 1426 quidem
301 1390 424 1414 notum
455 1391 518 1423 est,
558 1395 618 1414 cur
651 1382 777 1414 Abram
810 1381 985 1415 Abraham
1015 1384 1178 1418 vocitatus

40 1442 98 1483 sit,
127 1452 160 1476 et
189 1441 286 1476 sarai
310 1443 411 1484 Sara,
448 1452 479 1476 et
509 1443 619 1475 Jacob
653 1442 764 1477 Israel.
827 1443 1022 1478 Doceamus
1054 1454 1178 1487 autem,

40 1505 135 1550 quod
164 1517 240 1538 mos
274 1505 336 1538 iste
368 1505 534 1538 habeatur
569 1503 668 1537 etiam
701 1506 794 1550 apud
817 1503 1001 1540 Barbaros.
1053 1507 1180 1542 Nonne

41 1580 129 1600 unus
161 1579 201 1600 ex
230 1565 309 1599 filiis
332 1566 435 1599 Israel
459 1579 478 1598 a
503 1566 701 1609 parentibus
724 1566 790 1601 suis
813 1567 944 1612 Joseph
969 1580 1097 1601 nomen
1124 1582 1180 1602 ac-

42 1627 200 1674 ceperat?
233 1626 323 1660 Cum
348 1636 461 1660 autem
485 1627 615 1660 transiit
637 1628 673 1660 in
697 1629 908 1675 Aegyptum,
933 1637 965 1661 et
987 1628 1077 1661 stetit
1101 1638 1179 1663 ante

40 1690 278 1731 Pharaonem,
303 1687 525 1722 commutavit
549 1701 676 1722 nomen
707 1688 796 1733 ejus,
821 1699 853 1722 et
877 1690 920 1722 de
940 1687 1073 1734 «Ioseph
1097 1703 1178 1734 cog-

38 1751 227 1785 nominavit
265 1764 342 1785 eum
375 1750 748 1797 Psomphtompbanec‚
767 1750 803 1795 ⁵)
841 1750 936 1796 quod
973 1750 1087 1792 lingua
1117 1765 1177 1785 sua

39 1813 175 1847 Pharao
206 1814 250 1847 de
282 1821 511 1852 secretorum,
542 1811 593 1844 vel
619 1811 833 1845 somniorum
857 1811 1061 1846 revelatione
1081 1827 1176 1847 com-

39 1875 164 1920 posuit.
208 1874 253 1907 Et
286 1887 359 1908 non
388 1873 500 1907 solum
524 1872 654 1918 Joseph
678 1872 758 1906 huic
783 1874 874 1918 apud
898 1873 1111 1909 Pharaonem
1137 1888 1175 1908 ex

131 2014 166 2057 ¹)
189 2013 280 2048 Edd.
303 2011 460 2046 Merlini:
492 2011 617 2057 potius.

128 2068 166 2114 ²)
191 2069 297 2102 Deest
319 2072 408 2109 ‚,et“
430 2068 467 2101 in
490 2069 543 2102 ed.
566 2068 684 2102 Ruaei.

129 2125 166 2170 ³)
190 2125 292 2161 Rom.
316 2123 383 2165 VI,
417 2126 470 2160 12.

128 2181 166 2224 ⁴²)
189 2181 280 2215 Edd.
303 2179 459 2214 Merlini:
498 2178 620 2214 dicere.

129 2236 165 2280 ⁵)
190 2235 261 2270 Cfr.
286 2235 406 2270 Genes.
434 2235 530 2276 XLI,
564 2236 635 2271 45.⁸

823 2298 868 2331 20
885 2298 899 2314 '⁴
