1427 2460
288 114 327 138 m
350 104 528 137 Nummos
554 102 714 135 Horum
737 102 882 135 XXVII.
1091 106 1158 142 355

24 195 107 228 haee
131 193 271 227 veniunt
293 192 328 226 in
352 191 538 238 Raphidin,
585 191 832 236 Interpretatur
855 201 965 226 autem
981 192 1153 239 Raphidin

22 255 95 289 laus
118 254 247 301 judicii.
293 253 480 296 Justissime
503 254 576 286 laus
599 252 752 297 sequitur
775 262 852 298 post
877 254 1020 289 labores.
1047 255 1153 301 Cujus

21 318 134 350 tamen
166 316 215 349 rei
247 315 344 349 laus?
380 314 517 355 Judicii‚
549 314 670 359 inquit.
715 315 772 348 Fit
804 327 882 357 ergo
921 316 1023 351 laude
1054 317 1154 360 digna

22 377 144 418 anima,
168 390 256 423 quae
279 386 371 410 recte
392 376 529 423 judicat,
552 385 643 409 recte
666 376 834 416 discernit,
856 377 891 410 id
905 387 962 418 est,
987 392 1073 423 quae
1085 380 1153 424 spi-

20 439 186 473 ritualiter
216 438 380 484 dijudicat
412 438 544 478 omnia,
577 438 703 483 etipsa
731 451 747 470 a
771 438 908 472 nemine
939 438 1153 485 dijudicatur.

19 500 103 534 Post
126 502 208 534 haec
233 500 427 545 pervenitur
451 501 485 533 in
510 500 677 533 desertum
695 499 786 533 Sina.
813 500 895 534 Sina
919 500 991 545 ipse
1016 502 1152 546 quidem

19 562 116 596 locus
141 572 188 597 est
212 562 344 602 deserti,
368 575 468 606 quem
493 575 594 605 supra
619 560 679 595 Sin
694 561 909 594 memoravit:
934 564 992 595 sed
1014 563 1068 596 hic
1083 577 1155 598 ma-

20 623 66 666 gis
90 624 187 657 locus
213 622 349 663 montis,
372 622 429 668 qui
455 623 487 655 in
513 622 586 667 ipso
613 623 746 656 deserto
772 632 828 663 est,
855 624 1063 668 appellatur:
1095 626 1152 670 qui

21 685 120 719 etiam
155 686 228 730 ipse
259 685 426 718 vocabulo
465 684 584 717 deserti
616 683 677 717 Sin
713 684 922 718 nominatur.
969 686 1154 732 Postquam

22 759 102 789 ergo
133 746 313 781 laudabilis
345 745 464 792 judicii
495 747 583 779 facta
609 754 657 779 est
681 746 804 786 anima,
829 755 861 778 et
884 756 1012 780 rectum
1043 749 1157 793 coepit

21 808 148 842 habere
176 808 352 854 judicium,
383 817 464 840 tunc
497 807 526 840 ei
558 807 658 840 datur
689 808 740 840 lex
772 820 789 839 a
814 807 904 848 Deo,
944 821 1020 841 cum
1051 822 1154 854 capax

21 882 91 903 esse
114 870 266 914 coeperit
278 877 486 902 secretorum
505 868 697 901 divinorum
715 876 748 901 et
761 868 957 902 coelestium
976 869 1154 904 visionum.

21 931 106 965 Inde
136 930 270 964 venitur
302 931 345 963 ad
379 938 603 963 monumenta
635 929 942 975 concupiscentiae.
990 931 1085 977 Quid
1110 942 1157 966 est

22 1002 244 1032 monumenta
286 990 606 1043 concupiscentiae?
648 990 730 1024 Sine
770 991 876 1025 dubio
907 993 967 1025 ubi
1004 994 1156 1037 sepultae

21 1064 99 1088 sunt
131 1063 164 1087 et
195 1054 341 1087 obrutae
371 1052 675 1097 concupiscentiae,
703 1053 763 1086 ubi
788 1052 945 1086 exstincta
971 1063 1018 1088 est
1044 1054 1153 1089 omnis

23 1116 200 1161 cupiditas,
226 1128 291 1148 nec
322 1115 412 1148 u⁶ltra
445 1113 655 1159 concupiscit
686 1127 764 1148 caro
798 1116 955 1148 adversus
987 1115 1153 1159 spiritum,

21 1177 225 1213 mortificata
256 1175 384 1209 scilicet
413 1184 525 1209 morte
557 1174 693 1210 Christi.
741 1175 821 1209 Post
852 1176 934 1209 haec
964 1175 1096 1209 venitur
1118 1176 1152 1210 in

23 1238 179 1279 Aseroth‚
211 1239 306 1283 quod
329 1237 573 1282 interpretatur
595 1236 677 1270 atria
701 1238 860 1281 perfecta,
892 1237 943 1270 vel
968 1237 1156 1274 beatitudo.

20 1300 159 1334 Intuere
183 1298 374 1342 diligentius
398 1299 510 1332 omnis
533 1299 650 1340 viator,
677 1298 750 1343 quis
766 1298 807 1332 sit
820 1299 906 1332 ordo
919 1300 1154 1343 profectuum:

21 1369 242 1406 posteaquam
265 1360 446 1404 sepelieris,
471 1369 503 1393 et
525 1359 629 1393 morti
659 1358 836 1392 tradideris
868 1360 1158 1405 concupiscentias

23 1422 144 1462 carnis,
167 1422 280 1455 venies
304 1422 347 1455 ad
372 1421 614 1465 amplitudines
639 1419 816 1460 atriorum,
846 1420 957 1454 venies
982 1422 1025 1454 ad
1049 1422 1156 1455 beati-

23 1484 188 1518 tudinem.
233 1482 340 1517 Beata
365 1495 515 1528 namque
540 1491 588 1516 est
618 1482 747 1522 anima,
778 1495 863 1526 quae
887 1482 987 1516 nullis
1017 1481 1085 1528 jam
1109 1482 1157 1516 vi-

23 1545 76 1580 tiis
102 1545 212 1579 carnis
236 1553 386 1586 urgetur.
431 1546 518 1578 Inde
542 1543 674 1577 venitur
696 1544 730 1577 in
757 1543 903 1577 Ratlima
921 1544 954 1587 Ι)
977 1544 1044 1578 sive
1067 1544 1156 1577 Pha-

25 1620 109 1639 ram.
156 1605 303 1639 Rathma
335 1606 418 1639 visio
451 1594 686 1640 consummata
725 1605 975 1650 interpretatur,
1010 1606 1157 1643 Pharum

25 1681 107 1702 vero
132 1667 260 1702 visibile
285 1680 331 1701 os.
381 1667 499 1711 Quid?
529 1666 592 1701 nisi
622 1667 667 1700 ita
697 1677 824 1701 crescat
847 1664 970 1706 anima,
1001 1677 1048 1709 ut,
1080 1680 1157 1700 cum

2 1729 164 1764 ·desierit
194 1728 355 1763 molestiis
387 1730 495 1763 carnis
526 1729 648 1771 urgeri,
678 1728 822 1762 visiones
853 1728 975 1762 habeat
1000 1742 1158 1761 consum-

27 1801 143 1833 matas,
175 1789 431 1836 perfectamque
460 1803 573 1823 rerum
607 1789 718 1835 capiat
746 1789 1013 1832 intelligentiam,
1046 1803 1159 1824 causas

28 1853 155 1888 scilicet
183 1850 426 1886 incarnationis
456 1851 563 1885 Verbi
596 1852 674 1892 Dei,
707 1850 1063 1896 dispensationumque
1090 1849 1160 1895 ejus

29 1914 176 1948 rationes
199 1914 332 1959 plenius
356 1913 522 1957 altiusque
548 1912 781 1955 cognoscens?
822 1911 913 1945 Hinc
937 1909 1004 1956 jam
1029 1911 1161 1944 venitur

30 1975 67 2009 in
90 1975 360 2020 Remonphares‚
385 1976 480 2020 quod
504 1975 540 2009 in
562 1983 678 2008 nostra
701 1974 816 2015 lingua
841 1973 967 2006 excelsa
990 1972 1160 2006 intercisio

32 2036 166 2078 dicitur,
198 2037 266 2070 hoc
298 2046 357 2078 est,
385 2035 446 2070 ubi
483 2048 682 2078 magnarum
714 2044 747 2068 et
778 2033 972 2068 coelestium
1003 2046 1118 2067 rerum
1144 2046 1162 2066 a

131 2236 165 2279 ¹)
189 2238 230 2270 In
254 2236 348 2270 libris
373 2246 471 2270 antea
496 2236 593 2270 editis
617 2248 681 2280 pro
706 2234 896 2274 „Rathma“
926 2232 1047 2274 legitur
1074 2233 1163 2273 „Ra-

35 2280 203 2324 thanim;“
227 2283 286 2315 sed
309 2282 346 2316 in
370 2281 458 2315 Cod.
483 2281 676 2315 Turonensi
700 2279 839 2321 legitur:
863 2279 1065 2319 „Raffimaf‘
1087 2277 1128 2310 R.

826 2340 901 2375 23*

57 2386 71 2398 C
