1427 2460
237 86 283 121 82
725 85 904 119 ememus

238 176 299 221 pit.
347 176 387 209 ln
409 175 528 220 spiritu
562 175 699 208 videbat
728 175 865 215 Moses,
901 187 989 220 quae
1020 175 1233 217 gerebantur.
1291 176 1388 210 Vidit

239 239 395 273 virtutem
423 237 525 271 exisse
549 237 593 270 ad
621 246 738 278 castra,
762 246 795 270 et
817 246 946 271 vastare
969 251 1007 271 ac
1032 238 1202 282 perimere
1224 247 1385 283 peccato-

240 313 309 334 res:
342 309 373 333 et
405 309 548 344 propter
583 299 652 332 hoe
676 299 834 332 hortatur
855 299 1054 344 pontificem
1081 300 1259 333 adsumere
1282 298 1385 333 batil-

239 363 322 401 lum,
344 362 458 403 ignem
483 363 526 395 de
549 360 646 394 altari
668 360 868 405 imponere,
900 371 1001 406 atque
1031 361 1170 394 incenso
1195 360 1385 407 superjecto

239 424 338 463 exire,
363 433 395 456 et
417 432 506 457 stare
533 422 622 455 inter
644 422 799 455 medium
828 431 1048 456 mortuorum
1080 433 1112 456 et
1135 422 1311 465 vivorum,
1342 435 1387 455 ne

239 485 328 518 ultra
350 485 518 529 procedat
540 483 690 524 vastatio,
714 485 767 517 vel
792 494 890 525 certe,
915 494 952 518 ut
975 485 1086 519 verius
1110 485 1215 518 habet
1237 498 1272 518 se
1295 485 1386 519 Scri-

239 555 360 590 pturae
382 558 507 586 sermo,
532 546 734 580 confractio.

329 609 361 641 5.
387 607 457 640 Sed
481 608 614 652 primo,
645 608 671 641 si
695 608 846 647 videtur,
876 607 1038 641 historiae
1068 607 1172 652 ipsius
1204 595 1388 649 imaginem

241 668 490 710 describamus,
527 679 583 710 ut,
609 683 687 702 cum
711 669 760 702 rei
784 679 894 711 gestae
917 670 1045 715 species
1070 671 1280 714 apparuerit,
1304 678 1387 702 tunc

240 732 378 764 demum
404 732 516 771 etiam,
537 731 564 764 si
590 731 672 776 quid
698 741 745 765 est
771 732 805 764 in
831 732 899 765 hoc
922 733 1002 766 loco
1023 731 1212 779 mysticum,
1235 730 1388 776 requira-

240 806 325 826 mus.
373 792 525 836 Intellige
550 807 649 836 ergo,
679 795 854 839 populum
879 794 977 826 illum
1000 793 1102 827 Israel
1127 794 1163 827 in
1188 793 1301 826 castris
1325 806 1388 838 per

240 854 377 888 ordines
402 854 555 888 tribuum
579 855 856 901 familiarumque
880 856 1100 901 dispositum,
1123 856 1283 889 virtutem
1306 867 1386 888 vero

240 918 412 960 quandam
438 931 455 950 a
480 918 559 951 Deo
585 917 739 958 missam,
763 931 836 951 non
860 917 1022 963 sparsim,
1044 919 1104 951 sed
1128 931 1166 950 ex
1190 917 1301 962 prima
1325 915 1386 950 ali-

240 990 306 1022 qua
330 988 428 1023 parte
452 980 603 1024 coepisse
626 980 796 1026 populum
822 989 935 1012 morte
959 988 1108 1019 vastare,
1140 988 1172 1012 et
1193 979 1386 1024 proceden-

238 1049 308 1073 tem
338 1054 402 1085 per
439 1041 596 1075 ordinem
628 1041 746 1074 mortis
779 1050 924 1083 stragem
960 1041 1154 1074 considera:
1191 1050 1270 1086 post
1302 1041 1384 1073 haec

236 1102 437 1146 pontificem
467 1104 627 1136 indutum
658 1112 748 1136 veste
778 1102 968 1147 pontificali
1003 1103 1210 1146 procedere,
1241 1111 1273 1135 et
1302 1114 1386 1147 por-

237 1173 366 1198 tantem
391 1165 560 1205 batillum,
584 1174 686 1209 atque
709 1164 822 1206 ignem
849 1177 926 1197 cum
946 1163 1098 1203 incenso,
1120 1164 1261 1196 tendere
1275 1159 1328 1197 'ad
1343 1163 1385 1196 il—

238 1227 310 1260 lum
335 1227 471 1268 locum,
503 1240 572 1271 quo
596 1239 659 1272 per
683 1227 841 1269 angelum
864 1234 1050 1259 vastantem
1073 1238 1168 1258 mors
1190 1225 1284 1259 illata
1307 1239 1387 1271 per-

238 1298 393 1328 venerat,
434 1298 465 1322 et
488 1298 633 1322 stantem
657 1288 693 1321 iu
718 1301 759 1321 eo
784 1289 883 1329 loco,
913 1288 974 1320 ubi
998 1300 1093 1321 mors
1116 1287 1221 1320 finem
1246 1288 1386 1320 dederat

236 1349 365 1394 primis,
389 1359 422 1383 et
446 1359 517 1383 erat
539 1349 647 1382 vicina
671 1351 861 1394 postremis.
916 1351 1054 1382 Intuere
1075 1358 1218 1382 stantem
1242 1350 1384 1393 pontifi-

238 1424 332 1451 cem,
364 1421 396 1444 ct
420 1410 615 1456 objectione
647 1413 795 1455 quadam
820 1411 888 1451 sui,
920 1410 1066 1443 viventes
1091 1423 1109 1443 a
1133 1409 1277 1444 mortuis
1301 1410 1384 1443 diri—

235 1482 406 1506 mentem:
442 1472 600 1517 virtutem
636 1486 716 1506 vero
748 1471 1040 1518 repropitiationis
1071 1470 1160 1517 ejus,
1199 1481 1231 1505 et
1252 1471 1383 1506 incensi

235 1535 432 1580 mysterium
457 1533 631 1567 erubuisse
656 1535 814 1576 angelum
838 1543 1056 1575 vastatorem,
1082 1543 1114 1567 et
1136 1534 1172 1568 in
1196 1534 1264 1567 hoc
1288 1547 1385 1566 mor-

233 1607 303 1630 tem
328 1596 468 1641 quidem
491 1596 640 1636 finitam,
671 1596 776 1629 vitam
807 1608 887 1628 vero
923 1605 1126 1641 reparatam.
1182 1595 1220 1628 Si
1249 1594 1383 1628 intelle·
1426 1638 1427 1646 ἵ

234 1657 306 1692 xisti
331 1658 493 1691 historiae
519 1658 694 1697 ordinem,
727 1666 759 1690 et
793 1657 918 1697 oculis,
948 1667 986 1690 ut
1009 1658 1055 1690 ita
1080 1657 1209 1695 dicam,
1243 1668 1382 1689 cernere
1426 1663 1427 1673 ¹

233 1719 375 1764 potuisti
404 1719 605 1764 pontificem
635 1728 779 1752 stantem
809 1718 963 1751 medium
991 1719 1081 1752 inter
1113 1717 1205 1751 vivos
1219 1727 1263 1756 *et
1284 1731 1379 1750 mor·
1426 1728 1427 1734 ¹

233 1791 324 1815 mos:
360 1782 529 1815 adscende
551 1794 644 1814 nune
668 1781 711 1814 ad
736 1780 832 1813 verbi
861 1779 964 1824 hujus
990 1779 1134 1813 celsiora
1165 1779 1317 1821 fastigia,
1349 1789 1381 1813 et
1426 1786 1427 1792 ¹

233 1844 320 1886 vide,
345 1844 525 1889 quomodo
551 1856 647 1876 verus
670 1842 824 1887 pontifex
848 1842 946 1875 Jesus
970 1840 1124 1875 Christus
1147 1849 1295 1874 assumto
1318 1841 1380 1874 ba-
1426 1842 1427 1858 ³

232 1906 306 1939 tillo
331 1904 441 1938 carnis
465 1905 653 1944 humanae,
686 1913 719 1937 et
747 1903 963 1948 superposito
995 1903 1066 1944 igni
1097 1902 1228 1942 altaris,
1265 1901 1379 1936 anima

231 1967 304 2000 sine
329 1966 436 1999 dubio
467 1965 526 1999 illa
550 1965 746 2007 magnifica,
785 1978 864 1997 cum
896 1977 963 2009 qua
994 1973 1092 1998 natus
1125 1973 1173 1997 est
1205 1962 1242 1996 in
1267 1977 1379 2004 carne,

232 2027 365 2073 adjecto
391 2027 494 2060 etiam
517 2026 677 2068 incenso,
701 2027 760 2072 qui
784 2035 831 2059 est
853 2026 989 2071 spiritus
1015 2026 1273 2066 immaculatus,
1303 2039 1377 2059 me-

231 2088 306 2122 dius
335 2088 424 2121 inter
446 2089 538 2122 vivos
563 2098 596 2122 et
619 2097 777 2122 mortuos
809 2088 915 2128 stetit,
948 2096 981 2121 et
1011 2096 1159 2121 mortem
1191 2100 1265 2120 non
1296 2087 1376 2120 fecit

228 2151 317 2184 ultra
340 2150 498 2192 grassari:
520 2151 580 2183 sed
599 2149 686 2184 sicut
705 2150 893 2195 Apostolus
909 2149 1002 2190 dicit,
1025 2148 1187 2184 destruxit
1203 2147 1239 2193 ¹)
1261 2161 1373 2190 „eum,

320 2278 330 2298 ¹
339 2278 357 2322 >
380 2277 484 2310 Hebr.
509 2277 551 2318 11,
577 2279 628 2312 14,
