1427 2460
188 72 256 106 230
678 72 856 105 Omessms

462 208 859 248 HOMILIA
923 208 1059 247 XIX.

500 307 554 340 De
579 305 708 340 visione
733 307 849 352 quinta
872 305 1024 340 Balaam.

285 399 314 431 1.
342 394 470 439 Quinta
497 397 580 430 haec
604 397 723 437 nobis,
755 397 945 442 eademque
974 395 1092 430 ultima
1117 395 1259 430 Balaam
1284 396 1332 429 vi-

195 457 245 491 sio
271 457 461 498 discutitur,
493 460 536 492 de
560 473 626 504 qua
648 458 818 500 similiter,
855 467 894 493 ut
915 459 951 492 in
976 458 1111 499 ceteris,
1139 459 1333 492 Dominum

199 520 440 563 deprecemur,
467 521 573 567 qui¹)
598 522 634 555 iu
659 521 728 555 fine
749 535 822 555 non
848 523 994 562 deserat,
1017 530 1055 554 ut
1077 522 1246 566 possimus
1270 521 1336 553 hu-

198 579 251 626 jus
280 594 420 626 quoque
450 583 587 618 visionis
618 597 753 618 sensum
784 585 878 617 haud
900 584 1025 629 procul
1057 596 1076 616 a
1108 583 1249 616 veritate
1279 595 1334 615 ca-

197 651 302 686 ptare.
340 643 400 677 Est
425 657 504 687 ergo
529 645 663 680 initium
689 645 760 692 ejus
784 646 819 679 in
843 646 881 679 iis
905 644 1032 679 verbis:
1054 644 1156 689 ‚,et²)
1188 657 1266 677 cum
1288 643 1338 678 vi-

201 704 306 745 deret,
343 704 474 751 inquit,
518 706 660 741 Balaam
699 708 883 748 Amalech,
925 719 1096 741 assumens
1135 706 1337 751 parabolam

198 779 294 799 suam
321 767 418 800 dixit:
454 768 590 803 initium
614 770 764 813 gentium
790 769 973 809 Amalech,
1012 777 1045 802 et
1071 781 1187 802 semen
1213 781 1334 802 eorum

199 828 357 872 peribit.“
410 831 645 866 Necessarium
670 833 755 867 mihi
778 833 912 865 videtur
935 830 1108 876 requirere
1131 829 1167 863 in
1192 829 1335 875 scriptu-

200 888 246 923 ris
271 890 408 932 divinis,
440 893 562 938 quibus
592 894 628 927 in
658 894 761 936 locis,
793 895 844 927 vel
870 905 938 938 quo
962 892 998 926 in
1020 901 1178 937 tempore
1208 905 1340 925 nomen

200 951 367 986 Amalech
379 953 541 999 scripturn
558 956 609 997 sit,
629 970 740 1002 quove
755 969 793 989 ex
810 967 932 998 genere
950 966 1028 996 gens
1043 954 1103 987 ista
1117 953 1339 988 descenderit.

201 1012 350 1048 Facilius
375 1016 482 1056 enim,
520 1019 614 1062 quod
641 1018 833 1063 quaeritur,
868 1025 1086 1060 agnoscetur,
1115 1015 1144 1049 si
1169 1028 1209 1048 ex
1230 1014 1341 1060 pluri-

201 1074 265 1108 bus
289 1076 390 1117 locis,
431 1091 518 1123 quae
550 1080 593 1112 de
618 1081 736 1113 eadem
769 1093 806 1112 re
829 1080 954 1124 scripta
977 1087 1072 1118 sunt,
1109 1079 1341 1127 proferantur.

202 1136 310 1177 Igitur
332 1138 366 1172 in
394 1139 534 1175 Genesis
558 1141 722 1182 lectione,
758 1141 820 1174 ubi
857 1141 1008 1186 quinque
1050 1151 1143 1181 reges
1173 1153 1342 1173 convene-

204 1207 302 1236 ¹'unt’
341 1209 377 1233 ut
407 1213 641 1247 expugnarent
671 1213 818 1249 quatuor
849 1214 959 1244 reges,
1000 1203 1059 1246 qui
1090 1202 1276 1245 regnabant
1305 1203 1343 1235 in
1392 1195 1398 1200 ⁸

205 1259 385 1304 Sodomis,
418 1274 497 1309 post
519 1265 692 1309 aliquanta
715 1267 761 1299 ita
786 1265 949 1298 refertur:
973 1263 1075 1309 ,‚et³)
1099 1263 1255 1307 regressi,
1290 1263 1343 1297 in-

208 1321 298 1366 quit,
332 1336 499 1360 venerunt
525 1327 568 1359 ad
592 1328 723 1361 fontem
748 1326 882 1372 judicii,
919 1325 974 1358 hic
1000 1335 1047 1359 est
1073 1325 1200 1359 Gades:
1236 1335 1268 1358 et
1290 1324 1342 1358 in'-

207 1384 414 1420 terfecerunt
450 1401 570 1421 omnes
609 1388 779 1433 principes
812 1387 993 1428 Amalech,
1030 1396 1063 1420 et
1100 1387 1344 1427 Amorrhaeos,

209 1446 270 1489 qui
303 1447 502 1483 habitabant
533 1450 567 1483 in
599 1450 880 1494 Sasanthem.“¹²)
945 1448 984 1482 In
1022 1448 1073 1482 his
1105 1449 1220 1493 primo
1258 1448 1344 1482 locis

206 1508 374 1544 Amalech
404 1510 556 1545 memini
577 1512 803 1546 nominatum.
866 1511 936 1545 Sed
967 1511 1161 1555 requiratur
1183 1509 1345 1550 fortassis,

164 1604 167 1610 Χ
206 1578 322 1605 utrum
347 1573 435 1607 duae
458 1584 571 1617 gentes
596 1573 746 1619 ejusdem
771 1571 921 1606 nominis
945 1572 1154 1612 habeantur,
1179 1571 1344 1617 quoniam

208 1632 347 1676 quidem
372 1644 405 1668 et
428 1636 463 1669 in
490 1637 641 1679 catalogo
667 1636 819 1669 filiorum
845 1635 952 1675 Esau,
990 1644 1022 1668 et
1046 1635 1192 1674 ducum,
1223 1632 1282 1679 qui
1306 1646 1344 1667 ex

210 1692 282 1739 ejus
311 1708 433 1738 genere
467 1699 732 1738 descenderant,
767 1699 911 1731 refertur
947 1682 1123 1730 Amalchh.
1180 1696 1229 1730 Ita
1254 1695 1344 1730 enim

208 1757 372 1802 scriptum
399 1770 462 1794 est:
487 1760 638 1803 „istae⁵)
664 1770 741 1793 sunt
764 1769 876 1792 autem
900 1759 1136 1802 generationes
1159 1757 1261 1798 Esau,
1283 1770 1344 1803 pa·
1387 1756 1399 1766 ⁹

304 1870 339 1915 ¹)
363 1872 444 1907 Mss.
478 1874 562 1917 „qui
586 1872 621 1905 in
645 1873 748 1905 fine.“
797 1872 891 1905 Libri
915 1871 996 1905 editi
1028 1872 1076 1916 (v.
1103 1883 1129 1903 c.
1155 1869 1232 1903 edd.
1257 1867 1345 1913 Ma)
1395 1867 1399 1875 ¹

207 1928 298 1959 „quo
324 1916 358 1950 iu
383 1917 484 1951 finest‘
508 1919 550 1952 R.

305 1972 342 2017 ²)
366 1975 468 2008 Num.
494 1975 622 2016 XXIV,
646 1976 700 2009 20.

306 2027 344 2073 ³)
370 2029 492 2065 Genes.
520 2031 613 2072 XIV,
644 2032 674 2065 7.
700 2050 742 2058 —
772 2030 862 2064 Edd.
893 2026 1050 2062 Merlini:
1085 2027 1347 2068 ‚,Am0rre0s‚“

214 2073 265 2106 ed.
291 2073 419 2108 Ruaei:
442 2076 676 2116 „Amorraei.“

306 2128 342 2174 ⁴)
367 2130 447 2164 Mss.
471 2132 729 2172 ,‚Sasanthem,“
752 2132 847 2176 quod
871 2127 1014 2174 propius
1039 2128 1169 2162 accedit
1188 2128 1230 2161 ad
1245 2126 1347 2161 Ἀσα-

215 2173 422 2220 σονθαμάρ,
449 2190 551 2221 quam
576 2177 733 2221 priorum
758 2175 947 2210 editionum
973 2175 1021 2218 (v.
1050 2187 1076 2206 c.
1102 2173 1178 2206 edd.
1202 2171 1273 2217 Μ.)
1298 2173 1347 2206 le-

217 2219 294 2260 ctio,
319 2233 407 2266 quae
430 2222 533 2255 habet
556 2223 780 2263 „sarathenstff
801 2221 843 2254 R.

307 2276 344 2320 5>
371 2275 491 2312 cenes.
517 2276 680 2318 xxxvl,
702 2276 823 2311 9-12.
