1427 2460
372 79 410 104 m
433 69 612 102 Nemenos
637 68 798 103 HommA
816 68 897 103 XX.
1126 71 1193 105 253

16 198 19 206 y
70 163 175 196 Adest
206 159 390 205 unicuique
417 166 589 199 nostrum,
628 157 726 191 etiam
764 157 928 200 minimis,
965 159 1022 203 qui
1052 169 1130 192 sunt
1158 160 1192 193 in

16 246 20 275 ;
70 223 209 257 ecclesia
230 221 316 264 Dei,
350 221 484 263 angelus
507 221 638 259 bonus,
661 219 798 262 angelus
822 219 983 260 Domini,
1011 221 1069 264 qui
1092 230 1193 263 regat,

72 285 129 330 qui
151 292 305 325 moneat,
335 282 392 327 qui
417 282 595 322 gubernet,
620 281 678 325 qui
701 294 767 326 pro
791 281 920 315 actibus
943 281 1064 315 nostris
1088 284 1195 317 corri-

71 347 202 387 gendis,
237 353 270 377 et
305 342 575 377 miserationibus
614 342 850 387 exposcendis,
895 343 1047 388 quotidie
1083 336 1196 377 videat'

14 402 18 438 }
70 407 188 441 faciem
211 404 323 450 patris,
347 403 405 449 qui
427 404 462 436 in
487 402 588 437 coelis
612 412 674 437 est:
699 404 785 437 sicut
799 404 970 437 Dominus
994 404 1144 446 designat
1159 405 1194 449 ι)

70 468 104 501 in
127 465 323 508 Evangeliis.
369 465 413 498 Et
435 466 557 498 iterum
579 466 768 499 secundum
792 478 847 505 ea,
873 478 960 510 quae
982 467 1133 499 Joannes
1157 465 1193 499 in

69 527 274 575 Apocalypsi
285 527 322 572 ²)
353 526 484 564 scribit,
513 524 696 570 unicuique
728 527 885 560 ecclesiae
909 526 1108 569 generaliter
1131 540 1192 560 an·-

68 590 159 632 gelus
183 598 324 634 praeest,
348 588 406 633 qui
431 588 481 621 vel
505 587 720 620 collaudatur
742 602 806 633 pro
830 590 918 622 bene
942 587 1037 629 gestis
1061 588 1193 633 populi,

66 652 118 684 vel
150 651 248 684 etiam
278 656 347 694 pro'
377 649 504 683 delictis
534 647 604 694 ejus
636 650 802 694 culpatur.
846 651 885 683 In
910 662 977 693 quo
1004 650 1102 682 etiam
1125 658 1194 682 stu-

6 706 7 710 ¹
66 713 171 757 pendi
193 711 341 759 mysterii
365 710 587 744 admiratione
609 710 872 756 permoveor,3)
897 710 990 755 quod
1012 711 1193 744 intantum

14 808 17 811 ,
67 774 144 807 Deo
171 787 250 807 cura
275 774 317 806 de
339 773 438 805 nobis
461 772 511 811 sit,
534 781 571 804 ut
595 771 693 804 etiam
718 772 854 814 angelos
876 784 955 805 suos
979 771 1108 815 culpari
1126 785 1192 816 pro

65 835 166 867 nobis
195 843 227 867 et
250 834 419 867 confutari
441 832 596 878 patiatur.
643 833 699 866 Sic
716 832 752 876 ⁴²)
776 833 867 865 enim
893 846 970 865 cum
995 833 1193 876 paedagogo

65 895 257 938 traditur⁶)
279 908 376 939 puer,
407 896 434 928 si
456 896 545 927 forte
567 894 679 927 minus
706 894 813 936 dignis
835 907 898 927 nec
921 897 1108 928 secundum
1132 907 1192 938 pa-

64 956 429 995 ternammobilitatem
452 956 602 990 imbutus
626 965 786 1000 appareat
809 954 1005 1000 disciplinis,
1027 956 1192 989 continuo

65 1019 164 1063 culpa
195 1017 238 1051 ad
265 1018 501 1063 paedagogum
531 1019 692 1058 refertur,
725 1030 788 1050 nec
818 1017 863 1050 ita
886 1029 973 1062 puer
995 1029 1012 1049 a
1037 1026 1133 1061 patre
1157 1026 1195 1050 ut

65 1081 278 1125 paedagogus
301 1078 468 1120 arguitur,
490 1079 555 1112 nisi
579 1079 698 1111 durior
720 1078 833 1118 fuerit,
856 1088 887 1111 et
909 1079 1094 1122 paedagogi
1117 1092 1193 1111 mo-

67 1141 136 1174 nita
165 1140 342 1185 spreverit,
373 1148 474 1184 atque
501 1139 538 1172 in
567 1139 736 1173 lasciviam
767 1153 896 1184 pronus
925 1152 964 1172 ac
986 1140 1194 1184 proterviam

66 1200 224 1236 salutaria
247 1199 318 1247 ejus
340 1201 443 1232 verba
467 1200 699 1241 contemserit,
725 1201 790 1234 illis
815 1201 918 1242 magis
945 1202 1195 1245 obtemperans,

68 1263 126 1308 qui
148 1262 315 1296 luxuriam
340 1263 504 1301 suadent,
535 1271 567 1294 et
591 1263 633 1295 ad
657 1261 825 1295 lasciviam
849 1271 1049 1306 provocant.
1097 1262 1193 1306 Quid

65 1323 124 1356 fiat
153 1322 202 1356 illi
232 1322 381 1362 animae,
411 1323 601 1367 prophetae
623 1323 764 1356 vocibus
794 1324 893 1357 disce.
946 1324 1192 1368 „Derelinque-

65 1393 129 1425 tur,
147 1383 184 1428 ⁶)
208 1383 336 1428 inquit,
365 1383 434 1416 filia
459 1383 546 1417 Sion
570 1385 655 1418 sicut
676 1385 933 1417 tabernaculum
956 1385 992 1417 in
1014 1385 1129 1426 vinea,
1161 1395 1194 1419 et

65 1445 149 1479 sicut
172 1459 246 1479 casa
270 1445 472 1478 custodiaria
493 1445 530 1478 in
547 1445 791 1487 cucumerario,
818 1456 849 1479 et
861 1446 946 1480 sicut
959 1445 1083 1487 civitas,
1106 1460 1194 1492 quae

59 1515 252 1553 expugnata
282 1510 361 1539 est.“
411 1507 457 1540 Et
484 1507 623 1540 iterum:
654 1508 851 1548 „auferetur
869 1508 904 1552 ⁷)
935 1508 1081 1541 maceria
1109 1507 1192 1554 ejus,

67 1579 98 1602 et
128 1568 190 1601 erit
217 1567 255 1600 in
286 1568 595 1608 conculcationem,
625 1578 656 1601 et
685 1568 845 1614 diripient
868 1581 942 1602 eam
967 1582 1102 1610 omnes,
1134 1570 1193 1614 qui

67 1638 241 1664 transeunt
269 1629 376 1668 viam,
407 1638 438 1661 et
458 1630 634 1671 singularis
656 1632 746 1663 ferus
769 1633 925 1674 depascet
950 1635 1053 1664 eam.“
1099 1631 1192 1664 Haec

32 1686 39 1692 ‘⁴
66 1690 222 1735 patietur,
246 1689 274 1722 si
295 1702 366 1722 non
392 1690 580 1735 acquiescat
601 1690 736 1724 monitis
759 1693 885 1732 angeli,
914 1692 972 1736 qui
993 1692 1057 1726 sibi
1081 1706 1191 1738 appo-

67 1751 148 1784 situs
178 1758 224 1782 est
253 1750 296 1782 ad
327 1751 477 1784 salutem.
524 1752 585 1785 Sui
614 1752 915 1796 namque‘arbitrii
939 1762 985 1786 est
1007 1753 1135 1794 anima,
1160 1764 1192 1788 et

67 1810 104 1844 in
142 1823 245 1855 quam
274 1810 417 1846 voluerit
451 1821 582 1857 partem
622 1822 668 1847 est
698 1813 728 1846 ei
757 1814 904 1847 liberum
936 1814 1123 1849 declinare:
1159 1825 1191 1849 et

159 1971 195 2015 ¹)
221 1971 290 2003 Cfr.
316 1971 435 2005 Matth.
454 1973 579 2015 XVIII,
603 1976 655 2010 10.
751 1975 787 2021 ²)
807 1975 883 2009 'Cfr.
901 1976 1044 2021 Apocal.
1068 1976 1110 2011 Π.
1130 1977 1190 2012 ΙΙΙ.

156 2026 194 2071 3)
217 2027 306 2060 Edd.
331 2027 484 2063 Merlini:
513 2044 732 2076 promoveor.

157 2083 194 2126 ⁴)
216 2083 306 2116 Edd.
330 2082 484 2118 Merlini:
509 2086 604 2120 Sicut
628 2087 718 2120 enim
743 2096 802 2120 etc.

157 2138 193 2182 ⁵)
216 2137 304 2171 Edd.
328 2139 484 2175 Merlini:
507 2142 658 2177 traditus.
753 2143 789 2186 ⁵)
812 2143 910 2177 Jesai.
934 2143 960 2184 I,
984 2144 1015 2179 8.

159 2195 196 2238 ⁷)
221 2195 291 2229 Cfr.
327 2197 427 2231 Jesai.
452 2198 492 2238 V,
531 2199 562 2232 5.
604 2199 682 2232 coll.
716 2198 837 2233 Psalm.
861 2199 1009 2239 LXXX,
1046 2201 1099 2234 12.
1134 2201 1188 2237 13.

67 2238 260 2284 (LXXlX.)
586 2263 589 2267 ·
