1427 2460
215 39 284 75 210
697 34 876 70 Omassms

218 128 299 174 ipsis
328 127 410 161 alios
440 124 568 165 invenit
599 124 787 170 spirituales
818 137 952 163 sensus,
986 136 1073 169 quos
1103 123 1260 169 priorum
1281 125 1354 159 aine

220 189 328 222 dubio
352 200 513 221 sensuum
539 186 780 231 consequentia
801 185 1015 231 patefecerit:
1041 194 1073 219 et
1095 185 1299 232 itassemper
1320 198 1356 219 se

220 252 263 285 ad
287 249 404 295 priora
429 249 629 288 extendens,
665 248 891 282 tabernaculis
915 247 1121 293 quibusdam
1147 247 1280 281 videtur
1300 247 1354 280 in-

221 312 353 345 cedere.
412 310 598 354 Nunquam
636 318 683 342 est
722 307 830 347 enim,
870 310 1009 353 quaudo
1048 308 1160 342 anima
1198 308 1356 343 scientiae

220 372 372 416 igniculo
395 383 554 405 succensa
580 370 677 403 otiari
709 369 815 415 possit
852 378 883 402 et
913 370 1102 415 quiescere,
1134 370 1194 404 sed
1223 382 1357 415 semper

222 448 240 468 a
271 432 372 467 bonis
408 433 452 466 ad
481 431 645 470 meliora,
686 440 718 464 et
748 431 871 464 iterum
903 430 946 465 ad
978 432 1154 477 superiora
1186 431 1357 475 amelio-

221 495 315 528 ribus
350 504 568 538 provocatur.
630 492 708 525 Hoc
744 505 824 534 ergo
854 493 1039 537 sapientiae
1073 494 1141 527 Dei
1173 495 1237 528 iter
1267 501 1359 535 grate

221 557 317 595 satis,
342 564 375 587 et
399 567 478 587 cnm
503 554 613 587 multo
639 554 764 587 decore
789 555 964 599 descripsit
997 554 1130 588 dicens:
1163 564 1221 595 „ut
1238 554 1272 598 ¹)
1297 566 1357 586 ne-

221 630 320 651 mora
345 615 598 655 obumbrantia,
624 624 655 648 et
678 625 716 648 ut
738 615 887 659 paradisi
911 629 1014 661 super
1036 616 1196 656 flumina,
1220 623 1252 649 et
1274 614 1360 648 sicut

220 678 456 718 tabernacula,
482 689 568 722 quae
592 676 663 709 fixit
684 676 862 718 dominus,
884 677 970 711 sicut
993 678 1086 711 cedri
1109 677 1201 723 juxta
1225 679 1360 722 aquas.“

172 770 175 773 ,
222 740 293 784 Qui
318 740 411 773 enim
435 739 598 772 incedunt
621 739 684 771 hac
709 737 771 778 via,
795 752 858 784 per
879 751 1022 773 nemora
1039 739 1282 772 obumbrantia
1305 737 1359 770 in-

223 803 358 836 cedunt.
395 802 545 834 Nemora
570 800 660 833 enim
685 810 762 833 sunt
786 800 824 834 iis
849 800 1092 834 obumbrantia
1115 800 1228 834 omnis
1251 799 1358 846 justo-

222 874 298 897 rum
339 872 474 902 coetus,
510 871 543 894 et
578 871 775 895 sanctorum
811 862 1059 907 prophetarum
1098 863 1232 896 chorus.
1285 860 1360 894 Sub

222 926 344 958 umbra
368 923 461 957 enim
483 936 654 961 sensuum,
677 935 763 965 quos
787 924 880 969 apud
904 923 983 956 illos
1007 924 1150 968 scriptos
1173 923 1360 961 inveniunt,

222 986 465 1028 refrigerantur
489 984 622 1018 animae
644 985 808 1029 ipsorum,
834 994 866 1018 et
890 984 926 1017 in
951 985 1114 1018 doctrinis
1129 988 1250 1018 eorum'
1267 983 1361 1029 qnasi

221 1047 416 1080 incedentes
441 1059 502 1090 per
517 1058 626 1090 opaca
648 1058 831 1081 nemorum
856 1046 1076 1086 delectantur,
1100 1056 1132 1079 et
1153 1047 1239 1080 sicut
1261 1057 1361 1090 para-

223 1108 285 1141 disi
309 1119 411 1153 super
442 1106 584 1139 flumina
608 1107 838 1140 inveniuntur.
886 1107 943 1141 Isti
974 1108 1065 1141 enim
1090 1107 1237 1152 paradisi
1259 1119 1362 1152 super

222 1168 365 1201 flumina
384 1167 509 1200 similes
534 1177 567 1200 et
589 1168 722 1209 cognati
735 1178 814 1202 sunt
832 1169 882 1202 illi
901 1170 1071 1214 paradiso,
1094 1169 1131 1202 in
1145 1182 1215 1214 quo
1231 1169 1360 1211 lignum

223 1230 310 1264 vitae
342 1239 402 1263 est.
448 1228 608 1263 Flumina
633 1242 713 1263 vero
745 1243 927 1275 possumus
956 1232 1007 1264 vel
1035 1231 1218 1276 scripturas
1248 1230 1362 1263 Evan-

221 1292 343 1334 gelican
367 1300 467 1336 atque
496 1291 700 1336 apostolicas
731 1293 903 1337 accipere,
937 1293 990 1329 vel
1020 1292 1120 1326 etiam
1151 1293 1360 1335 angelorum,

223 1353 276 1386 vel
298 1340 502 1386 coelestium
513 1351 676 1385 virtutum
701 1365 777 1393 erga
801 1352 999 1399 hujusmodi
1021 1353 1149 1387 animas
1172 1352 1361 1399 adjutoria:

222 1413 374 1456 rigantur
403 1412 493 1446 enim
526 1414 569 1446 ab
592 1414 658 1446 illis
691 1422 725 1446 et
757 1413 986 1454 inundantur,
1017 1423 1118 1459 atque
1147 1415 1191 1448 ad
1222 1427 1361 1448 omnem

222 1475 397 1509 scientiam
433 1484 466 1508 ot
505 1474 714 1516 agnitionem
750 1488 863 1509 rorum
907 1476 1104 1509 coelestium
1144 1476 1360 1509 nutriuntur:

225 1536 378 1582 quamvis
401 1546 434 1569 et
456 1536 615 1570 Salvator
637 1546 753 1571 noster
776 1537 897 1571 fluvius
920 1538 979 1578 sit,
1010 1536 1068 1582 qui
1098 1538 1256 1571 laetificat
1278 1537 1358 1570 civi-

224 1607 328 1632 tatem
351 1597 435 1631 Dei:
461 1605 494 1630 et
516 1596 664 1643 Spiritus
687 1608 822 1633 sanctus
846 1612 918 1632 non
940 1600 1052 1633 solum
1076 1598 1148 1643 ipse
1170 1599 1292 1632 fluvius
1307 1599 1360 1638 sit.

225 1660 285 1693 sed
308 1668 342 1692 et
363 1658 422 1699 iis,
455 1657 579 1703 quihus
603 1660 699 1694 datm
722 1660 840 1700 suerit,
869 1660 1012 1694 flumina
1037 1661 1081 1694 de
1103 1670 1219 1694 ventre
1238 1673 1358 1694 eorum

225 1720 426 1767 procedant,
449 1730 483 1753 et
493 1720 589 1754 Deus
602 1731 700 1766 pater
719 1721 824 1756 dieat:
848 1735 923 1762 „me
943 1723 981 1766 ²)
1004 1720 1259 1767 dereliquerunt
1281 1724 1359 1755 fon-

226 1793 295 1816 tem
319 1795 427 1827 aquae
449 1782 580 1816 vivae&
604 1796 642 1816 ex
666 1796 736 1828 quo
760 1784 886 1817 scilicet
909 1786 1004 1818 fonte
1027 1783 1168 1817 flumina
1191 1783 1251 1816 iota
1274 1796 1358 1828 pro-

228 1844 364 1878 cedunt.
412 1842 474 1877 His
496 1844 596 1887 igitur
617 1845 781 1879 inundata
805 1844 1000 1880 fluminibus
1024 1846 1242 1880 tabernacula
1255 1845 1357 1878 Israel

227 1907 315 1939 fiunt
335 1905 565 1946 tabernacula,
586 1906 672 1940 sicut
693 1916 772 1940 sunt
793 1907 863 1949 illa,
887 1921 974 1953 quae
996 1907 1066 1941 fixit
1089 1907 1258 1941 dominus.
1289 1907 1359 1941 Sed

226 1967 394 2001 intentum
417 1966 565 2001 fortassis
594 1981 733 2002 movere
756 1968 882 2014 poterit
910 1969 1118 2009 auditorem,
1149 1971 1243 2015 quod
1275 1969 1359 2002 duan

227 2029 388 2072 quasdam
413 2028 541 2072 species
563 2030 863 2066 tabernaculorum
888 2044 1046 2076 praesens
1067 2044 1181 2064 sermo
1207 2044 1358 2064 comme-

323 2150 357 2192 ¹)
382 2151 483 2185 Num.
508 2151 635 2190 XXIV,
659 2152 689 2185 6.

319 2206 356 2247 ²)
380 2206 505 2239 Jerem.
531 2205 579 2244 il,
606 2207 655 2240 13.
