1427 2460
201 109 246 142 22
677 111 854 146 Omenms

201 197 412 242 praedicans,
435 199 507 244 ipse
531 201 698 245 reprobus
722 200 875 234 inveniar
885 204 914 233 ·.“
947 199 1083 234 alterius
1107 210 1218 235 autem
1243 202 1340 237 casti-

202 268 250 293 tas
273 260 346 294 talis
371 270 436 300 est,
452 261 486 305 ι)
519 273 605 305 quae
627 261 718 295 istud
741 264 830 296 forte
853 276 926 296 non
950 262 1076 296 timeat.
1123 262 1286 297 Similiter
1309 272 1342 297 et

203 320 327 365 justitia
351 322 454 355 habet
486 322 614 367 aliquid
646 323 862 368 proprietatis
896 326 932 357 in
956 324 1084 365 Paulo,
1122 323 1226 358 habet
1248 333 1282 357 et
1303 324 1340 358 in

203 383 318 418 Petro.
377 384 513 417 Eodem
546 385 652 417 modo
685 393 718 416 et
754 386 917 429 sapientia
960 395 1157 431 ceteraeque
1194 386 1342 420 virtutes.

206 443 313 487 Quod
337 445 363 478 si
388 445 487 478 etiam
512 444 546 477 in
572 444 621 478 his
645 446 854 487 nominihus,
880 461 966 491 quae
991 447 1135 492 exempli
1156 460 1255 481 causa
1275 460 1342 492 po-

203 506 341 547 suimus,
366 517 475 552 potest
499 506 582 545 fieri,
608 516 655 544 ut,
682 521 758 540 cum
783 521 890 541 unum
915 510 982 542 sint
1004 523 1067 554 per
1088 508 1241 553 spiritu‘m
1265 507 1342 548 Dei,

202 569 243 601 sit
267 578 379 603 tamen
405 570 517 614 aliqua
543 568 712 602 diversitas
745 570 779 603 in
813 571 963 616 ipsarum
996 570 1204 615 proprietate
1237 564 1343 604 virtu‘-

205 632 288 664 turn,
314 637 442 670 quanto
467 629 570 672 magis
596 630 719 675 reliqui
745 646 863 666 omnes
888 631 1043 666 homines
1067 631 1208 677 propria
1241 644 1344 676 quae·

206 686 285 719 dam
315 689 407 731 signa
437 691 474 724 in
505 692 655 725 motibus
688 694 901 735 animorum,
940 703 972 726 et
1002 693 1134 726 animae
1165 692 1343 726 virtutibus

205 749 349 789 gerunt?
396 751 494 796 Quae
519 754 634 788 Moses
656 754 794 801 mystica
818 756 950 789 ratione
973 755 1198 801 perspiciens,
1228 754 1346 788 scribit

204 809 239 842 in
265 810 353 854 lege,
384 824 423 846 ut
446 816 678 861 unusquisque
709 818 896 850 secundum
928 817 1020 859 signa
1053 830 1113 850 sua
1142 817 1279 850 incedat
1308 817 1345 850 in

208 872 332 909 castris.
378 875 495 910 Potest
519 888 631 912 autem
656 878 749 919 fieri,
787 888 823 911 ut
848 879 1076 913 aemulatione
1109 891 1253 923 operum
1279 880 1345 912 bo-

206 946 332 968 norum
357 938 400 969 ab
425 939 645 973 inferioribus
668 940 787 981 signis,
825 942 867 973 ad
898 940 1040 973 meliora
1073 950 1106 974 et
1127 940 1349 982 magnificen-

208 995 297 1030 tiora
323 999 504 1034 veniamus.
561 1001 597 1034 Si
631 1001 721 1035 enim
755 1011 846 1035 recte
876 1016 896 1036 a
928 1002 1029 1036 nohis
1051 1003 1264 1036 intellectum
1287 1010 1346 1041 est,
1376 1016 1380 1020 ⁴

207 1057 292 1091 haec
318 1062 443 1101 omnia,
469 1076 555 1107 quae
578 1063 613 1096 in
638 1064 710 1106 lege
733 1063 857 1109 scripta
881 1074 977 1105 sunt,
1001 1067 1128 1098 formas
1141 1063 1178 1108 2)
1203 1077 1272 1098 esse
1294 1065 1348 1097 fu-

205 1128 362 1155 turorum
387 1124 574 1165 bonorum,
600 1134 631 1158 et
654 1124 744 1158 illius
768 1126 904 1165 saeculi,
930 1127 1025 1171 quod
1047 1139 1086 1158 ex
1100 1124 1348 1160 resurreetione

206 1191 426 1218 mortuorum
449 1198 634 1230 speramus,
660 1196 790 1219 certum
814 1196 863 1219 est
884 1187 1013 1232 utique,
1037 1188 1132 1231 quod
1149 1186 1226 1219 siin
1249 1198 1351 1231 prae-

208 1245 295 1278 senti
325 1246 388 1280 vita
419 1247 638 1281 habuerimus
668 1247 816 1281 studium
852 1249 1058 1288 meliorum,
1098 1257 1130 1281 et
1160 1248 1349 1281 secundum

212 1307 372 1349 Apostoli
397 1311 587 1354 exemplum
613 1313 804 1354 posteriora
830 1310 1066 1344 obliviscentes
1099 1309 1142 1341 ad
1175 1322 1230 1350 ea,
1263 1321 1350 1353 quae

209 1366 247 1399 in
271 1377 349 1400 ante
380 1380 474 1409 sunt,
507 1373 744 1405 extendamur:
775 1373 810 1405 in
842 1371 1090 1405 resurrectione
1119 1379 1350 1411 mortuorum,

210 1429 271 1462 ubi
295 1429 380 1462 sicut
396 1430 432 1475 3)
455 1433 549 1464 stella
575 1434 618 1465 ab
642 1434 738 1466 stella
763 1433 877 1466 differt
899 1432 935 1465 in
959 1433 1085 1474 gloria,
1106 1432 1152 1465 ita
1177 1441 1211 1465 et
1232 1431 1352 1465 unius-

212 1490 376 1537 cujusque
395 1494 514 1527 merita
540 1495 765 1535 refulgebunt,
789 1495 978 1539 poterimus
1002 1494 1120 1538 utique
1143 1494 1186 1526 ab
1209 1493 1351 1527 inferio—

211 1552 304 1586 ribus
329 1555 371 1587 ad
397 1555 538 1588 meliora
563 1556 655 1597 signa
686 1567 718 1590 et
740 1557 945 1598 fulgentiora
969 1555 1153 1595 transferri,
1179 1564 1212 1587 et
1233 1544 1351 1599 splen-

212 1614 402 1650 didioribus
435 1619 600 1651 sideribus
635 1619 823 1663 exaequari.
878 1620 991 1662 Atque
1022 1617 1058 1649 in
1083 1627 1214 1650 tantum
1239 1626 1353 1662 potest

210 1686 331 1711 natura
358 1680 504 1711 humana
531 1681 565 1712 in
592 1681 654 1713 hac
686 1681 750 1713 vita
775 1680 961 1724 proficere,
985 1689 1021 1712 ut
1044 1679 1081 1712 in
1103 1677 1352 1712 resurrectione

212 1749 430 1773 mortuorum
463 1754 534 1773 non
567 1739 680 1774 solum
717 1743 890 1775 stellarum
929 1741 1076 1783 gloriae,
1114 1740 1173 1772 sed
1207 1749 1240 1772 et
1270 1740 1351 1773 solis

212 1802 390 1847 splendori
415 1803 521 1835 valeat
545 1803 738 1847 exaequari,
774 1804 961 1837 secundum
988 1802 1080 1846 quod
1105 1801 1268 1846 scriptum
1294 1810 1352 1841 est,

215 1864 293 1909 quia
318 1864 415 1910 „justi
431 1863 466 1907 4>
498 1865 676 1905 fulgebunt
706 1865 740 1897 in
773 1878 877 1906 regno
911 1864 977 1896 Dei
1007 1863 1093 1896 sicut
1123 1862 1209 1896 sol.“
1261 1861 1352 1895 Hinc

214 1939 292 1968 ergo
319 1937 375 1966 est,
401 1928 494 1971 quod
521 1936 551 1958 et
578 1927 614 1959 in
645 1925 864 1959 inferioribus
890 1927 987 1959 dicit:
1022 1925 1232 1966 „secundum
1248 1923 1283 1967 5)
1307 1923 1351 1956 si-

215 2000 279 2029 gna
302 2001 376 2029 sua,
417 2001 479 2033 per
504 1989 627 2022 domos
650 1987 858 2022 familiarum
890 1991 1060 2022 suarum.“
1114 1984 1222 2030 Quod
1251 1984 1350 2019 dicit:

311 2139 345 2182 ¹)
369 2138 458 2171 Edd.
484 2139 639 2172 Merlini:
664 2139 714 2173 sit.

307 2195 345 2238 ²)
372 2194 443 2228 Cfr.
466 2196 572 2228 Hebr.
597 2194 641 2235 X,
665 2197 696 2229 1.
722 2209 815 2242 seqq.

308 2251 346 2295 3)
370 2251 386 2282 Ι
411 2250 490 2284 Cor.
513 2252 590 2291 XV,
615 2253 668 2286 41.

309 2307 345 2352 ⁴)
371 2306 490 2340 Matth.
515 2307 609 2348 XHt,
634 2309 687 2343 43.
786 2307 822 2354 ⁵)
847 2308 949 2342 Num.
973 2306 1016 2348 II,
1039 2306 1071 2340 2.
