1427 2460
368 60 403 82 m
427 50 605 82 Nummos
629 49 790 81 HolvnuA
811 48 902 80 XVI.
1129 47 1192 81 187

70 141 175 173 homo
210 153 280 172 non
313 141 476 184 separet.“
530 137 631 170 Vides
664 149 742 179 ergo
776 147 807 170 et
839 138 893 170 hic
919 138 1030 170 Deum
1058 138 1194 180 quidem

69 216 139 234 non
173 201 398 246 praecepisse,
434 213 496 232 nec
538 199 611 232 fieri
655 199 798 232 voluisse
835 199 1036 231 divortium:
1072 199 1192 232 Mosen

68 277 147 304 ,νει-ο
171 272 312 308 propter
335 260 493 294 duritiam
520 260 631 293 cordis
656 261 866 293 Judaeorum
892 259 1077 305 scripsisse,
1111 261 1195 293 dan-

68 326 150 358 dum
176 336 243 357 esse
267 324 458 367 repudium.
507 322 665 355 Ostendit
694 324 776 355 haec
810 331 840 354 et
871 321 996 355 Paulus
1029 323 1065 355 in
1089 321 1193 356 literis

66 385 142 424 suis,
165 398 242 417 cum
267 383 348 417 dicit
371 386 413 418 de
437 385 657 429 quibusdam:
681 384 874 423 „Dominus
889 383 924 426 ¹)
950 383 1042 423 dicit,
1067 393 1098 416 et
1122 397 1195 416 non

67 450 160 488 ego.“
204 446 248 479 Et
272 447 314 479 de
338 447 426 480 aliis:
448 446 598 488 ‚,haec2)
624 454 735 478 autem
767 457 827 486 ego
853 444 949 483 dico,
974 457 1046 477 non
1070 444 1195 477 Domi-

65 511 160 540 nus.“
213 507 257 540 Et
287 507 409 540 iterum
442 507 476 540 in
503 507 591 541 aliis:
623 506 918 551 „pi-aeceptuin3)
952 505 1095 539 Domini
1119 520 1193 540 non

67 569 193 608 habeo,
227 569 406 602 consilium
440 579 551 602 autem
583 570 662 603 do.“
716 567 760 600 Et
783 568 924 600 iterum:
956 567 1194 613 „quae4)10-

68 644 173 675 quor,
203 644 274 664 non
306 631 434 675 loquor
471 631 659 664 secundum
690 629 814 662 Deum.
827 633 846 648 ‘⁴
902 629 1006 662 Unde
1043 630 1196 664 similiter

68 691 165 724 etiarn
196 692 230 725 in
265 693 381 725 cete-ris
404 691 580 736 prophetis
605 692 715 736 aliqua
740 690 876 736 quidem
903 691 1074 725 Dominus
1098 692 1196 725 locu-

68 763 120 786 tus
144 764 207 793 est,
239 763 270 786 et
292 767 363 786 non
389 754 596 798 prophetae,
630 753 693 785 alia
717 765 797 784 vero
825 753 1032 797 prophetae,
1068 762 1098 786 et
1121 765 1194 786 non

68 815 253 848 Dominus:
279 824 311 848 et
335 814 380 848 sic
404 814 574 848 videbitur
603 813 749 859 objectio
766 813 924 846 intentata
951 814 1096 853 dissolvi,
1117 827 1194 847 cum

67 890 138 909 non
161 886 228 910 tam
252 889 327 915 sua,
363 889 466 920 quam
497 876 685 921 prophetae
717 876 819 908 verba
852 875 1025 908 Dominus
1049 885 1196 914 revocat,

69 951 106 971 ac
138 946 245 970 mutat
275 937 310 970 in
342 937 473 971 melius.
529 938 598 970 Sed
627 937 730 980 magis
761 937 908 971 arbitror
944 937 1194 970 absolutionem

68 1000 216 1044 priorem
242 999 345 1032 totius
371 999 567 1044 Scripturae
586 999 738 1033 sensibus
754 999 946 1039 convenire,
971 1008 1003 1031 et
1019 998 1083 1031 illis
1097 1012 1197 1044 prae-

69 1061 168 1106 cipue
191 1060 305 1100 dictis,
339 1060 461 1105 quibus
492 1061 622 1104 patiens
648 1070 680 1093 et
711 1062 837 1093 multae
861 1060 1133 1100 misericordiae,
1165 1070 1197 1093 et

67 1123 246 1167 poenitens
278 1135 380 1165 super
418 1123 560 1156 malitias
593 1122 715 1155 dicitur
748 1122 858 1154 Deus:
893 1121 942 1153 vel
974 1122 1012 1154 iis
1042 1121 1197 1162 maxime,

69 1196 156 1228 quae
191 1184 390 1225 generaliter
427 1184 469 1215 ab
501 1183 648 1216 Jeremia
681 1183 964 1227 pronuntiantur,
1001 1182 1035 1215 in
1074 1183 1198 1228 quibus

70 1245 219 1278 evidente
263 1244 451 1278 ostenditur
473 1257 537 1288 pro
562 1243 675 1276 multis
698 1243 987 1284 miserationibus,
1012 1255 1043 1277 et
1065 1244 1199 1279 incom-

69 1258 290 1351 prehensibili
319 1305 470 1338 bonitate
513 1318 573 1337 sua
609 1305 704 1338 Deus
738 1305 868 1344 dicere,
905 1314 936 1338 et
969 1319 1042 1339 non
1077 1308 1198 1346 facere,

70 1368 184 1413 loqui,
209 1377 242 1400 et
264 1381 336 1400 non
359 1379 570 1411 permanere.
618 1366 674 1398 Ait
698 1379 777 1407 ergo
803 1380 865 1410 per
888 1367 1070 1401 Jeremiam
1086 1368 1198 1402 Deus:

71 1428 175 1472 ‚‚iu⁵)
198 1429 301 1461 finem
325 1429 494 1472 loquar‚“
518 1426 585 1461 hoc
609 1437 671 1467 est,
696 1441 734 1460 ex
760 1429 898 1462 definito
924 1429 1048 1473 loquar
1077 1443 1200 1475 „super

72 1499 220 1533 gentem,
246 1499 278 1523 et
299 1503 401 1534 super
423 1502 581 1531 regnum,
604 1498 642 1522 ut
666 1491 815 1523 auferam
841 1504 915 1530 eos,
940 1501 971 1523 et
995 1492 1200 1536 disperdam.

71 1552 116 1585 Et
139 1552 166 1585 si
191 1561 406 1585 convertatur
435 1564 514 1592 gens
547 1551 602 1584 illa
629 1565 648 1584 a
671 1552 806 1584 malitiis
829 1552 914 1591 suis,
946 1555 1131 1597 poenitebo
1157 1556 1200 1587 de

73 1613 230 1647 omnibus
254 1613 368 1652 malis,
403 1626 489 1658 quae
510 1612 650 1655 cogitavi
672 1615 782 1646 facere
805 1614 860 1653 iis,
896 1624 927 1646 et
959 1615 993 1647 in
1018 1615 1122 1648 finem
1146 1616 1199 1648 lo-

54 1678 160 1720 ,quar
189 1688 291 1719 super
322 1684 471 1716 gentem,
507 1685 538 1707 ct
569 1686 728 1717 regnum,
764 1685 802 1708 ut
825 1677 1035 1710 reaedificem
1063 1691 1136 1716 eos,
1170 1688 1202 1710 et

74 1737 279 1780 replantem:
303 1745 335 1768 et
355 1736 382 1769 si
405 1737 546 1769 fecerint
568 1738 658 1770 mala
682 1737 716 1770 in
742 1747 924 1782 conspectu
948 1751 1044 1777 meo,
1068 1749 1105 1771 ut
1128 1753 1200 1772 non

74 1790 354 1829 audiant'vocem
378 1810 506 1838 meam,
537 1798 726 1843 poenitebit
756 1812 811 1831 me
842 1800 885 1831 de
909 1800 1067 1833 omnibus
1091 1792 1201 1841 bonis,

76 1871 163 1903 quae
192 1858 326 1891 locutus
359 1859 510 1898 fueram,
549 1869 586 1891 ut
615 1861 760 1892 facerem
794 1859 860 1894 iis.“
909 1860 1098 1902 Quomodo
1124 1875 1202 1903 ergo

76 1932 255 1965 possumus
287 1919 343 1960 iis,
379 1932 464 1964 quae
495 1921 648 1954 absolute
680 1935 741 1966 per
770 1921 952 1954 Jeremiam
993 1922 1081 1955 (licta
1116 1933 1204 1963 sunt,

75 1982 246 2026 praeferre
270 1980 345 2020 illa,
380 1993 466 2025 quae
490 1994 649 2025 suspense
679 1995 740 2027 per
764 1982 903 2016 Balaam
931 1983 1103 2019 dicuntur:
1139 1985 1200 2018 nisi

172 2116 206 2158 ¹)
232 2115 244 2146 l
271 2115 350 2148 Cor.
375 2115 446 2154 VH,
471 2117 522 2150 10.
707 2117 744 2159 ²)
770 2116 781 2148 l
811 2117 890 2150 Cor.
918 2118 990 2158 Vll,
1016 2120 1066 2152 1‘2.

169 2170 206 2214 3)
230 2171 245 2203 I
271 2170 350 2203 Cor.
376 2171 448 2211 VII,
471 2174 524 2206 25.
712 2172 748 2215 ⁴)
774 2173 802 2205 ΙΙ
828 2173 907 2207 Cor.
931 2174 990 2214 XI,
1014 2175 1065 2209 17.

172 2227 208 2269 ⁵)
232 2227 356 2259 Jerem.
384 2226 507 2265 XVIII,
533 2228 666 2261 ἐ’-10.
820 2242 821 2245 ’
