1427 2460
322 68 359 91 m
382 57 559 90 Nummos
582 55 744 89 H01v11uA
766 56 895 90 XVIII.
1109 59 1176 93 225

45 147 221 182 dissertum
243 155 309 187 est,
334 156 365 180 et
388 146 505 179 eadem
531 153 684 190 repetere
714 144 862 178 otiosum
886 155 940 180 est.
989 145 1173 180 Videamus

45 223 136 253 ergo,
164 209 245 254 quid
265 217 320 248 est,
344 208 437 252 quod
452 207 487 241 in
502 205 785 251 consequentibus
806 207 903 241 dicit:
926 209 1124 248 „ostendam
1139 208 1173 254 ¹)

45 272 94 313 ei,
126 280 158 304 et
190 283 261 304 non
293 269 419 302 modo:
455 268 678 308 beatificabo,
716 278 747 301 et
779 282 851 302 non
888 269 1175 314 appropinquat.“

43 324 86 366 In
109 331 178 366 aliis
201 331 338 376 quidem
365 330 611 375 exemplaribus
636 329 793 372 legimus:
825 331 969 371 „videbo
996 344 1090 371 eum,
1113 331 1173 365 sed

42 407 115 427 non
136 393 275 426 modo.“
322 391 429 435 Quod
460 391 488 425 si
520 390 719 435 recipiatur,
750 393 880 427 facilius
911 391 1052 435 intelligi
1075 402 1175 437 puta-

43 454 151 488 bitur:
190 462 228 486 ut
265 452 455 493 Christum,
495 454 537 486 de
573 467 641 498 quo
680 453 716 486 in
755 453 1039 498 consequentibus
1075 453 1173 487 dicit:

41 514 237 558 „orietur²)
261 515 355 548 stella
380 529 417 548 ex
441 516 571 556 Jacob,
596 524 626 548 et
651 525 800 557 exsurget
824 515 931 548 homo
957 516 999 548 de
1022 515 1174 548 Israel:“

39 575 223 609 videndum
248 576 338 610 dicat
361 590 444 617 esse,
470 578 529 611 sed
553 590 653 617 „non
676 578 830 610 modo:“
853 577 921 610 hoc
946 585 1010 617 est,
1032 589 1106 609 non
1131 589 1172 609 eo

39 646 212 682 tempore,
238 651 305 682 quo
329 638 391 671 ista
413 638 627 682 loquebatur.
664 638 705 670 In
727 638 915 672 novissimis
933 638 1023 670 enim
1043 637 1174 678 diebus,

40 700 100 732 ubi
111 699 147 744 3)
172 700 285 740 „vcnit
301 700 479 744 plenitudo
497 699 678 743 temporis,
696 699 785 733 misit
801 699 896 733 Deus
914 699 1023 732 filium
1040 702 1173 732 suum.“

40 761 111 794 Sed
133 761 160 794 si
184 760 372 794 secundum
396 760 481 800 hoc,
512 761 607 805 quod
637 774 701 794 nos
724 761 889 794 habemus
911 761 947 794 in
972 759 1173 804 exemplari-

39 822 122 862 bus,
153 821 335 863 legendum
367 821 424 863 sit,
457 822 524 855 hoc
551 831 617 855 est:
654 823 862 863 „ostendam
876 818 912 867 ⁴)
944 822 1013 863 illi,
1044 831 1077 855 et
1099 835 1173 855 non

39 884 165 917 modo:
200 882 476 928 beatificabo‚⁵)
512 892 544 916 et
575 896 649 916 non
685 883 987 929 appropinquat:“
1018 897 1092 917 non
1128 885 1172 918 ad

41 944 133 977 hunc
157 942 315 985 Balaam,
352 957 415 988 per
448 957 550 989 quem
579 945 662 978 haec
697 946 874 986 dicuntur,
909 946 969 979 sed
1006 945 1050 979 ad
1083 945 1172 985 illos,

0 1010 1 1024 ἶ
41 1019 190 1051 quorum
226 1018 408 1050 personam
439 1006 558 1040 haberi
570 1004 607 1051 ὃ)
645 1006 681 1040 in
717 1008 785 1041 hoc
820 1007 982 1047 diximus,
1017 1008 1171 1040 refertur.

39 1066 95 1100 Illi
120 1067 210 1100 enim
234 1068 390 1100 doctores
413 1067 517 1110 legis,
536 1077 567 1100 et
590 1068 720 1101 scribae
745 1069 924 1102 ostendent
938 1068 1112 1101 Christum
1135 1068 1173 1101 in

39 1129 113 1170 lege
138 1137 170 1161 et
201 1128 377 1173 prophetis
408 1129 668 1174 prophetatum,
698 1131 757 1163 sed
788 1143 888 1170 „non
917 1130 1072 1163 modo:“
1104 1129 1174 1163 hoc

42 1198 106 1229 est,
127 1202 201 1222 non
225 1202 266 1222 eo
289 1198 462 1234 tempore,
488 1203 556 1235 quo
574 1190 682 1231 venit,
704 1191 764 1224 sed
787 1204 863 1224 curn
887 1191 1067 1236 plenitudo
1091 1204 1173 1234 gen-

39 1250 125 1283 tium
148 1249 335 1291 introierit,
358 1259 390 1283 et
414 1265 492 1284 cum
519 1251 629 1284 omnis
651 1252 753 1285 Israel
777 1251 896 1285 salvari
918 1252 1068 1297 incipiet,
1091 1261 1173 1286 tunc

40 1324 119 1344 eum
145 1312 341 1351 ostendent,
374 1321 406 1345 et
428 1321 509 1345 tunc
534 1312 794 1353 beatificabunt,
823 1325 924 1357 quem
949 1314 1058 1347 modo
1082 1314 1173 1348 blas-

39 1373 213 1418 phemant.
267 1373 338 1407 Sed
370 1373 437 1405 hoc
467 1380 618 1417 tempus,
652 1374 688 1407 in
721 1387 789 1419 quo
821 1374 905 1407 haec
936 1375 1051 1408 futura
1085 1383 1174 1414 sunt,

39 1446 113 1467 non
137 1434 410 1479 appropinquat:
433 1433 536 1475 longe
559 1435 650 1468 enim
675 1445 732 1476 est,
757 1445 790 1468 et
810 1436 845 1469 in
867 1435 944 1481 ipso
967 1435 1091 1469 saeculi
1104 1435 1174 1469 fine

41 1497 257 1541 sperandum.
289 1495 334 1529 Et
355 1496 434 1529 ideo
454 1495 516 1528 ait:
540 1497 739 1536 „ostendam
753 1497 790 1542 ⁷)
813 1497 873 1538 illi,
898 1507 929 1531 et
942 1511 1015 1531 non
1028 1498 1135 1531 modo
1145 1501 1175 1531 :“

41 1557 162 1598 „illi,“
185 1558 253 1591 hoc
278 1567 340 1598 est,
363 1558 516 1602 populu,
541 1557 598 1603 qui
622 1568 704 1592 tunc
727 1559 918 1592 salvabitur.
965 1559 1050 1593 Post
1072 1560 1174 1592 haec:

42 1618 257 1663 „orietur‚⁸)
284 1619 413 1664 inquit,
436 1619 531 1653 stella
557 1632 594 1652 ex
616 1620 743 1661 Jacob,
767 1630 800 1654 et
831 1630 981 1664 exsurget
1002 1621 1110 1654 homo
1137 1633 1175 1653 ex

41 1679 177 1715 Israel.“
223 1680 279 1713 De
305 1680 355 1714 his
368 1679 405 1724 ⁹)
430 1688 462 1713 et
484 1680 521 1713 in
543 1681 776 1725 superioribus
807 1683 971 1724 diximus,
1004 1681 1082 1726 quia
1108 1680 1175 1714 evi-

42 1741 162 1774 denter
186 1742 228 1774 de
251 1742 363 1782 stella,
387 1754 474 1786 quae
487 1741 596 1784 Magis
619 1742 656 1775 in
680 1743 811 1777 oriente
833 1743 1000 1789 apparuit,
1023 1742 1175 1788 prophe-

43 1810 147 1835 tetur:
182 1815 248 1847 qua
273 1803 360 1836 duce
382 1812 549 1836 venerunt
572 1805 616 1837 ad
639 1804 826 1847 Judaeam,
855 1804 1062 1850 requirentes
1087 1816 1175 1845 eum,

138 1960 174 2004 ¹)
199 1959 301 1994 Num.
326 1960 454 2001 XXIV,
477 1961 529 1995 17.
648 1960 685 2004 ²)
707 1960 811 1993 Num.
834 1959 963 2002 XXIV,
987 1962 1040 1995 17.

137 2016 174 2060 ³)
200 2015 311 2050 Galat.
336 2016 396 2057 IV,
419 2017 451 2050 4.
650 2015 686 2060 ⁴)
709 2016 812 2050 Num.
838 2016 967 2057 XXIV,
989 2017 1045 2050 17.

137 2071 173 2116 ⁵)
197 2071 287 2105 Edd.
313 2071 469 2105 Merlini:
500 2073 666 2105 beatifico.

136 2126 174 2171 6)
198 2127 304 2161 Deest
327 2126 500 2169 „haberi“
522 2127 558 2160 in
583 2130 634 2162 ed.
660 2128 777 2161 Ruaei.

137 2180 174 2226 ⁷)
198 2183 301 2219 Num.
324 2183 453 2224 XXIV,
479 2184 532 2218 17.
651 2183 688 2228 8)
712 2184 816 2219 Num.
837 2181 964 2226 XXIV,
989 2183 1041 2217 17.

134 2237 171 2282 ⁹)
195 2238 284 2272 Edd.
308 2239 462 2272 Merlini:
485 2239 534 2274 iis.

46 2297 224 2334 Omani-us
249 2300 387 2334 OPERA.
412 2300 509 2334 Tom.
534 2300 576 2334 X.
871 2302 917 2335 15
