1427 2460
362 490 963 540 PROLEGOMENA.

99 712 248 790 Quum
275 744 310 777 in
335 743 406 777 hoc
430 753 575 788 quoque
592 742 761 788 Origenis
777 742 941 788 Operum
959 741 1099 777 edendo
1116 742 1233 776 Tomo

96 805 257 847 eandem,
284 815 389 849 quam
406 805 584 852 superius,
611 808 756 839 secutus
781 804 850 838 sim
874 814 1051 847 normam,
1077 806 1113 837 et
1125 814 1235 848 quum

94 870 244 912 praeter
277 876 420 901 omnem
454 867 768 912 exspectationem
804 865 911 911 hujus
952 876 1097 911 quoque
1127 864 1235 899 Tomi

95 918 212 962 moles
238 928 450 971 accreverit,
475 928 617 975 monita
639 928 757 963 Ruaei
781 927 826 962 ad
850 928 990 962 Tomos
1006 927 1097 961 VIII.
1114 927 1174 962 IX.
1199 930 1236 961 et

92 989 137 1023 X.
156 990 360 1036 spectantia
382 990 420 1024 in
442 989 564 1026 fronte
586 979 769 1036 posuisse,
792 989 951 1024 indicem
964 1000 1052 1024 vero
1066 988 1236 1024 locorum

95 1060 141 1084 ex
163 1050 209 1088 V.
233 1055 269 1086 et
291 1051 333 1087 N.
359 1052 400 1086 T.
426 1053 695 1095 desumtmum,
730 1051 1015 1097 eorumdemque
1045 1051 1083 1085 in
1104 1050 1234 1085 iisdem

91 1111 210 1146 tribus
242 1113 370 1148 Tomis
402 1114 550 1149 obviam
579 1116 781 1157 factorum,
821 1113 860 1148 in
889 1113 959 1149 fine
983 1112 1092 1148 Tomi
1121 1123 1235 1159 appo-

94 1171 212 1208 suisse
236 1174 400 1210 sufficiat.

649 1304 674 1337 1.

122 1370 380 1410 MONITUM
417 1371 491 1411 AD
532 1371 793 1412 ORIGENIS
834 1367 1211 1414 ΕΞΗΓΙ-ΙΤΙΚΑ

491 1444 550 1484 ΙΝ
589 1444 839 1485 GENESIN.

184 1542 209 1574 1.
258 1540 577 1576 HIERONYMUS
596 1542 634 1577 in
646 1542 810 1588 Prologo
828 1541 995 1589 praefixo
1019 1550 1106 1574 suae
1129 1539 1240 1573 inter-

96 1603 296 1648 pretationi
326 1603 584 1647 homiliarum,
611 1615 700 1649 quas
731 1604 770 1638 in
798 1603 1034 1638 Ezechielem
1061 1602 1240 1647 Origenes

98 1664 239 1699 habuit:
264 1665 392 1710 ‚‚lllud‚
416 1666 545 1711 inquit,
568 1666 734 1702 breviter
761 1667 954 1709 admoneo,
979 1668 1020 1699 ut
1047 1662 1142 1699 scias
1157 1663 1242 1697 Ori-

99 1725 199 1769 genis
233 1727 411 1772 opuscula
447 1728 485 1762 in
516 1738 661 1763 omnem
694 1727 916 1774 scripturam
949 1736 1032 1761 esse
1069 1724 1241 1771 triplicia.

98 1785 260 1821 Primum
285 1789 365 1834 ejus
390 1793 578 1836 excerpta,
605 1800 698 1835 quae
723 1800 856 1835 graece
880 1787 1009 1836 σχόλια
1032 1796 1243 1832 nuncupan-

101 1850 172 1888 tur,
196 1847 234 1880 in
250 1850 382 1893 quibus
403 1862 457 1894 ea,
483 1862 576 1896 quae
601 1851 674 1886 sibi
696 1851 916 1887 videbantur
940 1850 1109 1892 obscura,
1135 1850 1244 1890 atque

102 1907 241 1942 habere
266 1907 403 1953 aliquid
429 1912 673 1956 difficultatiS‚
699 1912 910 1947 summatim
932 1911 1167 1952 breviterque
1191 1905 1243 1940 di-

102 1969 245 2012 stinxit3
281 1970 482 2004 secundum
507 1972 719 2017 ὁμελητικὸν
743 1983 874 2016 genus,
907 1970 952 2005 de
977 1979 1049 2015 quo
1076 1972 1113 2003 et
1135 1978 1243 2014 prae-

102 2040 185 2065 sens
224 2031 481 2078 interpretatio
529 2035 602 2074 est3
654 2032 802 2067 tertium
838 2031 937 2076 quod
978 2030 1129 2077 scripsit
1163 2030 1245 2076 ipse

107 2089 270 2138 Τόμους,
307 2103 377 2128 nos
400 2093 588 2128 volumina
609 2088 806 2140 possum‘us
836 2103 1064 2140 nuncupare:
1101 2092 1139 2126 in
1171 2100 1244 2136 quo

107 2163 221 2199 opere
243 2157 325 2189 tota
345 2155 481 2201 ingenii
505 2155 561 2191 sui
584 2155 666 2191 vela
691 2154 915 2202 spirantibus
929 2155 1047 2190 ventis
1073 2146 1184 2196 dedit,
1210 2155 1247 2187 et

58 2222 61 2223 ’
105 2215 283 2262 recedens
307 2225 329 2251 a
357 2219 459 2252 terra
488 2217 526 2252 in
549 2218 709 2252 medium
741 2217 894 2263 pelagus
918 2217 1089 2263 aufugit.“
1150 2213 1248 2258 Quid

87 2276 180 2314 'sint
203 2277 361 2325 scholia,
386 2279 472 2325 quid
495 2279 691 2324 homiliae,
717 2279 803 2326 quid
826 2279 936 2325 tomi,
971 2278 1051 2314 fuse
1077 2276 1249 2314 edisserit
