1427 2460
372 69 408 94 m
431 60 609 93 Nummos
635 57 793 92 Homma
811 59 888 95 XII,
1138 56 1202 90 137

75 150 137 182 iter
160 160 256 191 agere
280 149 397 189 debet,
433 157 467 182 et
498 147 610 181 venire
638 156 718 193 post
747 149 853 181 multa
886 149 928 181 ad
959 148 1050 180 hunc
1074 148 1201 188 locum,

78 224 178 255 quem
202 210 344 244 diximus
366 208 554 252 significare
575 209 693 242 mortis
717 210 909 243 adventum.
953 209 1001 242 Ut
1025 219 1136 242 autem
1163 222 1199 242 cx

75 272 259 318 Scripturis
289 272 472 311 docemur,
508 279 555 304 est
585 272 750 315 quaedam
782 284 872 305 mors
895 271 1033 304 inimica
1065 270 1200 311 Christi,

77 343 108 366 ct
131 334 296 378 quaedam
323 331 428 366 amica
453 331 533 378 ejus.
577 333 657 366 Non
677 346 755 376 ergo
779 333 868 366 illius
890 333 1009 366 mortis
1033 332 1114 365 dicit
1136 332 1201 364 ini-

76 395 182 428 micae
207 393 338 434 Christi,
361 394 404 426 de
429 407 495 438 qua
521 393 658 427 dicitur:
682 394 952 438 „novissimus¹)
970 393 1126 426 inimicus
1140 394 1199 426 de-

73 465 220 490 struetur
244 456 380 498 mors‚“
404 456 462 501 qui
487 465 534 489 est
557 455 731 489 diabolus:
760 456 819 489 scd
842 454 942 501 hujus
965 454 1101 494 mortis,
1135 468 1201 499 qua

75 517 323 550 commorimur
354 519 398 559 ei,
429 527 467 551 ut
496 527 529 550 et
560 517 775 550 convivamus
800 516 846 550 ei:
876 517 1063 550 secundum
1098 529 1201 560 quam

75 588 219 612 mortem
244 579 326 612 dicit
347 579 459 613 Deus:
489 591 572 620 „ego
584 577 621 621 ²)
647 579 822 619 occidam,
859 588 891 611 et
914 578 1023 611 vivere
1046 576 1201 610 faciam.“

75 639 211 674 Occidit
235 641 344 682 enim,
383 651 418 674 ut
443 640 708 674 commoriamur
733 639 890 679 Christo,
925 649 956 672 et
979 640 1089 672 vivere
1111 639 1200 679 facit,

73 711 110 734 ut
134 704 348 736 convivamus
373 702 413 735 ei.
462 702 671 747 ‘Optandum
699 714 777 743 ergo
802 701 901 735 nobis
926 711 992 740 est,
1025 710 1064 733 ut
1087 700 1199 747 venia—

72 777 146 796 mus
171 765 205 796 in
228 763 390 804 Bamoth,
414 773 446 796 et
467 763 695 809 promtissime
717 762 936 808 suscipiamus
960 763 1076 796 beatae
1100 761 1202 806 hujus

71 825 189 858 mortis
213 827 405 866 adventum,
427 835 465 859 ut
490 835 520 858 et
543 825 702 858 vivificari
735 838 811 857 cum
838 824 973 857 Christo
997 837 1199 857 mereamur.

73 886 185 931 „Et³)
209 900 246 919 ex
270 886 437 928 Bamoth‚
460 886 582 930 inquit,
606 885 640 918 in
665 899 802 926 nemus,
827 887 922 931 quod
947 894 994 919 est
1017 885 1052 918 in
1077 899 1199 929 campo

71 948 190 988 Moab,
216 962 233 981 a
258 947 380 981 vertice
403 947 527 980 montis
551 947 680 990 excelsi,
706 947 763 993 qui
778 947 914 992 respicit
933 949 976 980 ad
1001 948 1202 980 desertum.“

71 1009 108 1043 Si
131 1010 198 1043 hoc
221 1009 341 1042 itin'ere
362 1009 577 1050 incedamus,
613 1011 707 1054 quod
730 1022 802 1042 non
825 1018 895 1041 tam
919 1009 1077 1042 locorum
1101 1023 1203 1042 voca-

71 1071 170 1112 bulis,
194 1084 297 1115 quam
320 1070 451 1104 animae
474 1070 682 1115 profectibus
707 1080 861 1103 constare
885 1070 970 1103 ratio
995 1070 1203 1115 explanatio-

71 1133 122 1166 nis
146 1131 294 1172 asseruit,
317 1141 394 1176 post
419 1132 534 1165 omnia
558 1132 619 1166 ista
651 1131 800 1165 venimus
824 1131 858 1164 in
883 1145 1016 1171 nemus,
1051 1132 1135 1173 sive,
1166 1141 1202 1164 ut

71 1189 107 1222 in
131 1179 203 1224 aliis
227 1190 370 1227 habetur
402 1194 666 1238 exemplaribus,
701 1193 737 1226 in
771 1193 954 1237 Janam‚⁴²)
980 1194 1072 1237 quod
1097 1193 1202 1226 inter-

72 1260 224 1295 pretatur
255 1256 450 1294 adscensus,
482 1256 550 1288 sive
581 1263 691 1286 vertex
723 1248 857 1287 montis.
912 1254 979 1286 Per
1013 1255 1095 1287 hacc
1121 1267 1200 1296 ergo

71 1312 202 1346 venitur
225 1315 268 1348 ad
291 1316 379 1349 illud
401 1316 663 1349 famosissimum
695 1315 797 1348 divini
821 1315 967 1360 paradisi
998 1329 1134 1355 nemus,
1171 1326 1203 1349 et

71 1387 231 1410 amoenas
254 1377 389 1411 delicias
412 1375 627 1410 habitationis
650 1376 818 1421 antiquae,
841 1378 892 1410 vel
917 1387 1005 1410 certo
1037 1379 1080 1410 ad
1104 1378 1203 1410 verti-

71 1448 144 1469 cem
168 1438 397 1481 perfectiouis,
422 1447 454 1471 et
477 1436 692 1471 beatitudinis
715 1439 958 1471 summitatem:
988 1438 1033 1471 ita
1063 1448 1100 1471 ut
1122 1452 1203 1483 pos-

71 1497 112 1530 sit
137 1501 235 1532 etiam
259 1501 330 1544 ipse
355 1501 484 1540 dicere,
515 1499 593 1544 quia
616 1499 894 1544 „resuscitavit⁵)
927 1513 990 1533 nos
1016 1514 1092 1533 cum
1118 1501 1203 1545 ipso,

70 1568 103 1591 et
126 1561 243 1594 sedere
265 1561 346 1595 fecit
367 1563 403 1594 in
428 1561 627 1595 coelestibus
651 1560 685 1593 in
712 1560 882 1593 Christo.“
927 1562 1049 1602 Vides,
1074 1552 1201 1605 quous-

69 1633 135 1664 que
158 1623 352 1665 pervenitur
375 1637 392 1656 a
417 1622 547 1668 puteo?
594 1622 710 1661 Vides,
734 1621 855 1666 quibus
870 1617 1113 1663 mansionibus,
1131 1623 1202 1656 imo

71 1681 193 1724 quibus
216 1685 427 1727 profectibus
446 1684 509 1717 iter
522 1685 653 1717 animae
677 1693 816 1726 paratur
842 1685 884 1717 ad
910 1684 1070 1718 coelum?
1093 1675 1203 1728 NQuae

70 1741 97 1774 si
122 1742 297 1786 diligenter
319 1746 488 1799 inspicias,
510 1746 582 1790 ipse
606 1745 697 1789 apud
720 1754 823 1778 temet
847 1746 958 1790 ipsum
984 1746 1204 1791 quotidianos

69 1806 240 1847 profectus
265 1817 340 1841 tuos
363 1807 554 1846 discutiens,
579 1805 701 1850 quibus
720 1806 754 1838 in
770 1807 852 1840 locis
874 1808 926 1847 sis,
951 1817 983 1840 et
1002 1820 1103 1851 quam
1120 1820 1204 1851 pro-

69 1866 175 1900 ximus
190 1868 232 1900 ad
245 1881 345 1909 regna
360 1869 537 1901 coelorum
562 1868 727 1907 habearis,
754 1869 970 1911 advertesfi)
989 1868 1071 1901 sicut
1092 1878 1123 1900 ct
1137 1868 1203 1906 ille,

70 1928 113 1959 de
137 1942 204 1973 quo
220 1929 392 1964 Dominus
415 1929 508 1969 dixit,
531 1929 609 1973 quia
631 1941 724 1968 „non
737 1929 773 1973 ⁷)
797 1930 896 1972 longe
911 1942 943 1963 es
956 1944 975 1963 a
988 1943 1092 1981 regno
1106 1929 1205 1962 Deif‘

163 2067 199 2110 ¹)
227 2067 242 2099 I
267 2067 347 2101 Cor.
372 2068 447 2108 XV,
471 2069 524 2103 26.
620 2068 657 2112 ²)
683 2068 782 2101 Deut.
805 2069 970 2109 XXXIII,
992 2070 1047 2104 39.

163 2124 200 2164 ³)
225 2123 326 2157 Num.
352 2124 449 2165 XXI,
472 2126 526 2159 20.
622 2125 658 2168 ⁴)
683 2125 773 2161 Edd.
800 2125 953 2159 Merlini:
977 2125 1100 2158 Janan⁴

166 2178 202 2222 ξ’)
225 2179 349 2222 Ephcs.
373 2180 414 2220 H,
439 2182 470 2215 6.
566 2182 601 2225 ⁶)
625 2182 714 2215 Edd.
740 2181 895 2215 Merlini:
922 2182 1080 2214 advertas.

169 2234 202 2277 ⁷)
229 2235 332 2269 Marc.
357 2237 434 2278 XII,
457 2239 510 2273 34.
