1427 2460
208 70 275 105 126
691 69 868 103 Omonms

207 161 246 195 iis
271 155 473 200 desig-natur,
495 157 730 203 unusquisque
747 168 902 192 nostrum
927 158 962 192 in
976 159 1170 205 semetipso
1190 170 1343 206 puteum.

207 222 283 255 Imo
311 231 342 254 et
362 219 491 264 aliquid
512 219 658 263 amplius
673 220 835 261 dicemus,
857 221 1094 267 unusquisque
1113 232 1270 256 nostrum
1282 225 1343 257 ha—

207 284 266 317 bet
278 296 350 315 non
367 291 510 326 puteum
525 294 647 320 unum,
663 282 722 314 sed
742 291 863 326 puteos
879 284 1017 322 multos,
1036 293 1067 316 et
1077 297 1149 317 non
1167 298 1276 319 unum
1289 300 1345 321 vas

209 358 325 390 aquae,
341 344 400 376 sed
416 355 490 375 vasa
506 342 623 377 multa.
654 342 737 375 Non
753 343 844 377 enim
862 344 960 378 dixit:
982 345 1085 386 „bibe
1100 347 1135 391 ¹)
1154 352 1279 392 aquas“
1303 350 1347 382 de

206 417 268 440 tuo
280 419 374 438 vase:
399 405 458 437 sed
480 405 545 444 „de
558 403 621 436 tuis
638 404 720 437 vasis
731 408 760 437 :“
779 414 812 438 et
823 419 896 439 non
915 406 1009 441 dixit:
1035 412 1108 449 ‚,et“
1126 409 1170 441 de
1184 409 1280 454 putei
1295 410 1348 443 tui

206 471 318 502 fonte:
341 467 400 500 sed
424 466 488 506 „de
511 474 696 510 puteorum
720 476 861 499 tuorum
883 468 1012 503 fonte.“
1055 470 1260 515 Legimus²)
1284 472 1346 505 ha-

206 531 318 564 buisse
343 538 375 561 et
397 528 605 573 patriarchas
628 537 769 572 puteos,
799 529 920 563 habuit
949 533 1140 573 Abraham,
1171 533 1292 566 habuit
1315 541 1348 566 et

207 595 311 626 Isaac.
358 591 447 623 Puto
482 599 595 622 autem
630 590 788 624 habuisse
818 601 850 624 et
878 591 1001 626 Jacob.
1047 594 1093 627 Et
1122 595 1164 627 ab
1189 594 1256 628 istis
1280 608 1347 640 pu-

206 656 265 689 teis
288 662 400 688 sumto
424 651 534 692 initio,
557 665 721 697 percurre
745 666 885 686 omnem
901 649 1125 700 Scripturalix,
1147 665 1269 700 puteos
1292 669 1348 689 re-

207 717 360 763 quirens,
396 724 428 747 et
457 714 598 759 perveni
628 727 737 759 usque
760 717 802 748 ad
827 715 1029 758 Evangelia,
1065 728 1098 752 et
1120 717 1169 751 ibi
1198 717 1348 752 invenies

206 790 364 825 puteum,
394 789 499 821 supra
524 789 626 820 quem
651 777 806 811 Salvator
828 788 945 811 noster
967 780 1107 813 sedebat
1135 781 1349 826 requiescens

206 851 286 888 post
308 838 435 873 itineris
459 837 634 878 laborem,
665 847 748 872 tunc
773 853 852 873 cum
876 841 1032 874 veniente
1061 842 1206 876 muliere
1229 843 1349 876 Sama-

206 904 327 945 ritana,
353 910 386 934 et
409 900 545 932 volente
567 899 704 933 haurire
728 914 852 945 aquam
880 903 921 935 de
943 913 1069 948 puteo,
1096 916 1182 948 quae
1206 913 1290 937 esset
1310 903 1349 936 in

207 964 392 1009 Scripturis
416 960 521 1006 putei,
543 962 596 994 vel
619 971 804 1006 puteorum
827 963 941 1005 virtus,
964 965 1163 1010 exponitur,
1195 975 1227 998 et
1251 978 1348 998 com-

206 1025 340 1071 paratio
363 1025 403 1057 fit
427 1035 604 1067 aquarum,
628 1023 690 1056 ubi
713 1033 746 1057 et
770 1024 875 1058 divini
897 1027 1044 1073 mysterii
1073 1028 1275 1073 panduntur
1296 1040 1351 1060 ar-

209 1100 304 1122 cana.
349 1085 486 1118 Dicitur
511 1084 614 1123 enim,
638 1084 717 1129 quia
738 1085 766 1119 si
790 1087 864 1131 quis
888 1088 985 1121 bibat
1008 1101 1047 1122 ex
1070 1089 1111 1123 iis
1136 1090 1241 1135 aquis,
1266 1101 1350 1133 quas

208 1147 406 1182 continebat
429 1154 552 1190 puteus
574 1147 633 1179 ille
655 1155 826 1189 terrenus,
857 1149 947 1183 sitiet
969 1163 1121 1194 rursum;
1153 1150 1212 1195 qui
1235 1158 1350 1183 autem

209 1226 247 1245 ex
270 1211 336 1244 illis
360 1207 496 1247 biberit,
520 1221 603 1253 quas
629 1209 687 1241 dat
709 1210 823 1250 Jesus,
848 1211 954 1256 fiet3)
984 1213 1042 1252 „in
1074 1226 1115 1246 eo
1140 1213 1218 1245 sons
1243 1225 1352 1257 aquae

206 1271 353 1307 salientis
384 1271 421 1304 in
456 1269 556 1303 vitam
588 1276 795 1305 aeternam.“
853 1272 895 1305 In
929 1273 996 1307 alio
1033 1284 1146 1308 autem
1177 1272 1353 1317 Evangelii

207 1336 289 1369 loco
313 1333 382 1380 jam
405 1345 479 1365 non
501 1333 590 1372 fons,
613 1345 726 1377 neque
746 1343 880 1378 puteus,
902 1336 960 1368 sed
976 1336 1122 1380 amplius
1144 1336 1274 1380 aliquid
1300 1334 1351 1367 di-

210 1397 306 1430 citur.
353 1394 444 1444 „Qui
459 1393 495 1439 4)
521 1394 638 1435 credit,
662 1395 789 1439 inquit,
813 1396 849 1428 in
876 1408 972 1438 eum,
996 1395 1083 1429 sicut
1105 1397 1274 1441 scriptura
1298 1397 1351 1430 di-

210 1459 265 1498 cit,
288 1457 431 1491 flumina
467 1456 511 1489 de
544 1465 661 1489 ventre
693 1454 765 1502 ejus
799 1457 906 1491 fluent
933 1471 1042 1503 aquae
1064 1459 1189 1492 vivae.“
1248 1457 1352 1492 Vides

209 1532 303 1562 ergo,
328 1518 408 1563 quia
432 1517 491 1562 qui
514 1518 622 1551 credit
642 1518 678 1550 in
704 1531 793 1558 eum,
815 1533 889 1552 non
914 1521 1027 1553 solum
1050 1530 1213 1565 puteum,
1236 1510 1295 1554 sed
1320 1530 1353 1553 et

208 1592 348 1628 puteos,
373 1590 405 1613 et
427 1593 501 1612 non
525 1580 637 1612 solum
661 1581 789 1620 sontes,
823 1582 883 1614 sed
915 1591 947 1614 et
969 1582 1113 1615 flumina
1137 1582 1239 1615 habet
1262 1582 1352 1615 intra

211 1657 264 1678 se:
290 1645 401 1677 fontes
425 1651 538 1675 autem
565 1651 596 1675 et
620 1642 773 1682 flumina,
798 1640 922 1688 n0h5)
948 1657 1035 1688 quae
1046 1643 1144 1677 istam
1167 1644 1351 1677 mortalem

209 1706 312 1739 vitam
336 1705 499 1743 solentur,
524 1705 583 1737 sed
608 1717 695 1749 quae
727 1713 900 1738 aeternam
932 1706 1121 1739 conferant.
1170 1705 1277 1747 Igitur
1298 1718 1352 1739 se-

211 1769 365 1802 cundum
390 1780 445 1809 ea,
471 1778 557 1812 quae
581 1767 616 1799 in
641 1766 836 1805 Proverbiis
859 1766 984 1811 scripta
1005 1765 1270 1811 proposuimus,
1288 1767 1352 1800 ubi

209 1829 303 1875 putei
326 1829 428 1864 simul
453 1841 531 1862 cum
554 1829 650 1861 fonte
672 1827 916 1869 nominantur,
941 1828 1179 1873 accipiendum
1203 1837 1252 1862 est
1275 1842 1349 1862 ver—

304 2001 339 2044 ¹)
365 2001 467 2034 Prov.
492 2001 534 2040 V,
558 2001 612 2034 15.
941 2016 944 2025 ¹

303 2058 333 2076 ²
335 2057 437 2092 ›Cfn
465 2056 586 2090 Genes.
611 2057 706 2089 XIII.
732 2066 763 2090 et
785 2057 915 2090 XXVI.

305 2113 342 2155 3)
367 2112 427 2144 Ev.
452 2113 578 2145 Joann.
602 2113 660 2153 IV,
685 2114 738 2146 14.

305 2167 342 2210 ⁴)
369 2168 438 2200 Cfr.
466 2181 513 2200 ev.
538 2167 663 2201 Joann.
691 2169 764 2208 VII,
786 2169 840 2204 38.
867 2171 943 2202 coll.
965 2169 1067 2203 Jesai.
1092 2169 1213 2209 LVIII,
1235 2170 1290 2206 11.

307 2224 342 2267 ⁵)
367 2223 455 2256 Cod.
480 2224 585 2257 sancti
609 2224 835 2259 Theodorici.
868 2239 960 2264 „uon
986 2239 1072 2270 quae
1096 2225 1193 2260 istam
1217 2235 1346 2260 morta·

213 2270 279 2303 lem
304 2270 415 2303 solent
437 2268 566 2302 nutrire
591 2269 703 2310 vitam,
726 2271 785 2304 sed
809 2275 916 2314 quae“
941 2280 1002 2303 etc
1028 2271 1068 2303 R.
