1427 2460
196 108 257 132 XVI
628 108 906 134 PROLEGOMENA.

733 235 777 268 lv

310 303 565 343 MONITUM
603 304 674 342 DE
712 301 1142 346 ΕΞΗΓΗΤΙΚΟΙΣ
1167 309 1222 347 IN

508 376 1008 417 ‘DEUTERONOMIUM

290 477 467 521 Origenes
484 475 587 508 Tom.
604 475 751 508 XXXII.
777 476 812 509 in
835 476 963 510 Joann.
987 487 1080 511 num.
1094 476 1152 512 Xl.
1178 477 1331 523 pollice.

199 544 274 582 tur,
310 538 407 581 fore,
445 540 484 571 ut
520 536 847 571 Deuteronomium
888 538 1066 584 explicet,
1109 541 1145 573 et
1168 538 1331 575 'homilia

200 604 330 635 octava
353 599 389 633 in
412 598 546 633 Lucam
570 598 608 632 id
630 609 651 633 a
676 608 715 632 se
739 599 957 644 praestitum
981 599 1085 634 dicit:
1112 601 1176 635 sed
1200 611 1244 636 an
1258 602 1330 636 To-

197 662 293 696 mis?
329 671 374 694 an
397 660 573 695 scholiis?
611 670 655 694 an
679 651 866 695 homiliis?
913 660 1096 696 Homiliae
1118 665 1258 697 tantum
1281 663 1327 698 ab

197 724 280 769 ipso
299 722 418 758 editae
433 722 608 756 videntur.
657 721 750 757 Hinc
773 722 863 757 nihil
886 723 1029 765 mirum,
1055 722 1087 757 si
1110 722 1207 758 libro
1223 728 1329 759 sexto

197 783 555 819 Commentariorum
578 783 615 817 in
639 783 835 829 epistolam
861 786 906 819 ad
928 784 1119 819 Romanos
1144 785 1205 829 ait,
1230 787 1328 830 quod

196 847 330 892 legitur
360 844 643 880 Deuteronomii
671 845 785 879 XXV.
810 848 860 887 5.‚
901 846 940 880 id
969 845 1113 891 plenius
1145 850 1182 882 et
1215 847 1328 883 fusius

197 907 272 942 suis
302 907 399 941 locis
430 918 513 941 esse
544 908 849 953 pertractandum.
910 907 1007 941 Octo
1032 908 1111 952 ejus
1134 907 1172 943 in
1194 909 1331 944 Deute-

195 968 404 1003 ronomium
427 968 598 1003 homilias
624 972 889 1003 commemorat
909 968 1155 1004 Cassiodorus
1176 970 1331 1006 Institut.

196 1041 275 1077 cap.
290 1032 320 1066 1.
352 1030 524 1076 „Reliqui
540 1031 652 1065 etiam
666 1029 785 1073 vobis,
801 1029 927 1074 inquit,
950 1031 988 1065 in
1003 1031 1334 1067 Deuteronomium

196 1102 385 1127 sermones
409 1095 495 1126 octo
523 1091 711 1137 Origenis‚
747 1091 784 1125 in
809 1091 940 1136 quibus
966 1095 1023 1126 est
1055 1093 1195 1129 minuta
1223 1094 1332 1129 nimis

196 1156 233 1188 et
255 1152 402 1187 subtilis
427 1153 649 1199 expositiof‘
695 1152 846 1186 Rufinus
871 1164 1017 1199 quoque
1040 1154 1078 1189 in
1103 1154 1332 1201 epistola'ad

196 1213 407 1258 Ursacium‚
444 1225 552 1259 quam
583 1214 753 1260 praefixit
783 1214 937 1248 redditis
970 1226 992 1250 a
1016 1226 1056 1250 se
1077 1215 1192 1252 latine
1214 1216 1332 1251 homi-

193 1276 254 1311 liis
278 1276 316 1311 in
338 1277 531 1318 Numeros,
555 1276 695 1321 aliquot
720 1279 858 1310 tantum
884 1281 1151 1314 commemorat
1172 1279 1210 1312 in
1233 1278 1333 1313 Deu-

194 1337 441 1373 teronomium
483 1337 739 1373 oratiunculas.
793 1338 915 1382 „Jam
953 1339 1067 1382 enim,
1109 1340 1244 1385 inquit,
1285 1350 1331 1375 ex

195 1399 383 1443 omnibus,
409 1409 502 1445 quae
525 1399 562 1433 in
584 1399 665 1444 lege
690 1400 828 1445 scripta
851 1400 992 1445 reperi,
1018 1400 1140 1444 solae,
1163 1404 1204 1435 ut
1225 1404 1328 1447 puto,

194 1461 231 1496 in
253 1460 548 1496 Deuteronomio
573 1461 704 1499 desunt
729 1461 991 1504 oratiunculae,
1018 1473 1120 1508 quas,
1145 1463 1178 1497 si
1201 1462 1330 1497 Domi-

193 1533 260 1557 nus
279 1522 435 1568 juverit,
469 1525 506 1557 et
529 1517 720 1557 sanitatem
746 1523 887 1558 dederit
911 1523 1048 1567 oeulis,
1081 1524 1248 1571 cupimus
1271 1535 1330 1560 re-

191 1584 296 1630 liquo
321 1584 474 1631 corpori
507 1584 662 1619 sociare.
674 1589 693 1604 “
758 1585 829 1619 Sed
858 1589 978 1620 morte
1008 1589 1228 1632 praeventus
1254 1586 1331 1621 exi-
1365 1627 1369 1629 ,

195 1645 384 1690 stimatur‚
421 1650 615 1691 antequam
648 1646 686 1680 id
711 1646 862 1691 exsequi
893 1648 1064 1693 potuerit.
1129 1648 1178 1683 Ut
1199 1651 1240 1683 ut
1265 1651 1330 1691 est,

196 1707 296 1742 nulla
330 1707 501 1753 Origenis
539 1708 577 1742 in
606 1707 934 1742 Deuteronomium
971 1709 1182 1755 explanatio
1219 1709 1332 1745 hodie

197 1772 380 1815 superest,
423 1761 496 1805 nisi
532 1770 629 1805 forte
664 1769 935 1816 deperditarum
974 1771 1208 1808 homiliarum
1243 1782 1331 1818 pars

195 1830 330 1866 fuerint
363 1832 553 1876 sequentia
588 1832 789 1877 fragmenta
823 1842 974 1878 graeca,
1013 1843 1106 1878 quae
1141 1833 1208 1868 sub
1246 1833 1330 1868 Ori-

195 1892 296 1936 genis
341 1893 490 1927 nomine
539 1897 735 1928 occurrunt
780 1894 817 1927 in
871 1894 1009 1928 catenis
1063 1899 1208 1941 patrum
1253 1904 1329 1930 ma-

194 1953 402 1999 nuscriptis.

288 2017 404 2060 Atque
426 2015 518 2051 haec
543 2017 688 2062 quidem
711 2017 868 2051 Ruaeus.

286 2076 501 2112 scribebam
553 2078 771 2123 Vitebergae
825 2078 882 2112 die
923 2076 977 2111 111.
1024 2086 1136 2112 mens.
1189 2078 1260 2114 Jul.
1296 2090 1326 2114 a.

197 2137 442 2173 MDCCCXL.

725 2222 934 2261 Eduardus
965 2221 1250 2260 Lommatzsch.
