1427 2460
179 94 247 130 360
666 92 846 126 omossms

187 192 342 229 pretatur
371 193 568 218 montanus.
615 183 718 216 Venit
749 182 839 217 enim
872 184 915 216 ad
949 192 1102 216 montem
1127 182 1212 223 Dei,
1234 191 1272 216 ut
1294 191 1328 215 et

187 244 260 290 ipse
282 245 340 278 fiat
362 258 463 278 mons
485 245 582 284 uber,
607 254 639 277 et
663 258 762 278 mons
789 245 996 287 coagulatus,
1019 245 1070 277 vel
1095 245 1138 278 ab
1155 257 1208 285 eo,
1232 244 1330 290 quod

189 319 325 352 semper
353 305 388 338 in
418 316 537 339 monte
561 306 629 339 Dei
660 306 804 346 habitet,
835 317 1019 340 montanus
1050 306 1191 339 dicatur.
1239 306 1331 339 Sub-

191 367 347 412 sequitur
368 377 448 412 post
471 368 554 401 haec
583 367 716 401 mansio
749 367 931 401 Selmona:
965 369 1060 413 quod
1089 367 1333 412 interpretatur

192 430 316 462 umbra
349 429 528 474 portionis.
572 429 669 462 Illam
702 439 786 474 puto
818 430 977 462 umbram
1011 429 1096 470 diei,
1129 429 1172 461 de
1201 441 1268 473 qua
1300 437 1334 461 et

193 491 364 536 propheta
390 490 541 524 dicebat:
571 490 778 536 „spiritus¹)
803 491 913 525 vultus
946 492 1054 525 nostri
1080 490 1232 524 Christus
1256 491 1332 523 Do-

195 551 318 592 minus,
344 552 398 585 cui
422 552 580 586 diximus:
604 552 640 585 in
665 553 787 586 umbra
812 551 882 599 ejus
907 553 1055 586 vivemus
1078 551 1114 584 in
1134 552 1335 585 Gentibus.“

198 613 267 647 Sed
295 623 325 647 et
349 613 405 647 illa
429 613 546 648 similis
570 614 650 648 huic
675 615 797 648 umbra
823 623 889 655 est,
913 614 957 646 de
981 627 1047 658 qua
1073 613 1211 646 dicitur:
1243 614 1334 658 „spi-

196 675 326 720 ritu52)
350 676 496 709 Domini
522 676 746 710 obumbrabit
770 675 862 709 tibi.“
908 675 1041 709 Umbra
1066 688 1146 718 ergo
1167 674 1337 719 portionis

198 747 353 778 nostrae,
388 751 475 782 quae
506 737 607 771 nobis
641 739 845 783 opacitatem
875 745 1024 782 praestat
1055 739 1098 770 ab
1124 737 1221 770 omni
1245 745 1337 769 aestu

196 799 437 840 tentationum,
462 798 614 833 Christus
637 797 862 843 Dominus³)
888 808 944 839 est,
968 808 1001 832 et
1026 798 1172 844 Spiritus
1193 807 1338 832 sanctus.

200 861 291 894 Hinc
315 859 382 906 jam
407 861 542 893 venitur
566 862 606 894 ad
634 861 771 894 Phinon
787 860 834 904 ⁴),
865 861 961 904 quod
992 860 1207 906 interpretari
1240 869 1340 905 puta·

199 935 275 955 mus
300 922 368 956 oris
392 922 644 967 parsimoniam.
694 923 763 966 Qui
789 922 879 955 enim
904 921 1030 955 intueri
1043 921 1196 967 potuerit
1218 930 1341 968 myste-

200 983 290 1017 rium
316 984 358 1017 de
384 984 540 1024 Christo,
565 994 598 1017 et
621 985 663 1017 de
689 984 818 1028 Spiritu
842 993 977 1023 sancto,
1007 993 1039 1016 et
1062 983 1089 1017 si
1113 983 1251 1023 viderit,
1273 983 1343 1016 sive

203 1045 351 1078 audierit
374 1059 432 1085 ea,
467 1059 554 1090 quae
585 1059 657 1078 non
690 1045 768 1078 licet
792 1044 991 1078 hominibus
1014 1044 1127 1089 loqui,
1152 1043 1341 1077 necessario

203 1107 343 1140 habebit
367 1107 434 1141 oris
458 1107 715 1151 parsimoniam,
737 1106 845 1140 sciens
870 1106 1002 1150 quibus,
1032 1106 1085 1138 vel
1109 1107 1274 1150 quando,
1292 1107 1344 1139 vel

205 1169 385 1213 quomodo
411 1169 453 1201 de
478 1168 641 1215 mysteriis
667 1167 785 1202 divinis
819 1177 978 1212 oporteat
1001 1166 1109 1212 loqui.
1154 1167 1238 1201 Post
1261 1167 1345 1200 haee

203 1228 337 1263 venitur
361 1229 502 1271 Oboffi,
534 1228 628 1276 cujus
653 1229 804 1264 nominis
833 1230 985 1274 quamvis
1014 1242 1088 1262 non
1115 1227 1346 1263 invenerimus

203 1290 538 1336 interpretationem,
561 1301 674 1324 tamen
698 1305 770 1324 non
796 1290 1007 1330 dubitamus,
1030 1289 1118 1324 sicut
1140 1299 1174 1323 et
1196 1290 1231 1324 in
1257 1296 1347 1323 cete-

205 1353 250 1385 ris
278 1352 454 1393 omnibus,
489 1353 587 1386 etiam
610 1352 646 1386 in
676 1353 744 1385 hoc
775 1352 917 1385 nomine
948 1351 1226 1396 consequentiam
1263 1365 1347 1396 pro-

205 1415 359 1446 fectuum
392 1415 593 1450 conservari.
641 1414 804 1459 Sequitur
842 1423 922 1458 post
953 1413 1037 1446 haec
1068 1414 1222 1454 mansio,
1259 1426 1346 1457 quae

208 1475 401 1519 appellatur
426 1475 550 1519 Gai5),
582 1476 677 1520 quod
716 1475 958 1519 interpretatur
997 1475 1107 1509 chaos.
1154 1477 1348 1520 Appropiat

208 1535 298 1568 enim
324 1549 386 1580 per
409 1536 472 1570 hos
496 1538 668 1581 profectus
694 1538 736 1569 ad
760 1536 850 1569 sinus
876 1536 1081 1575 Abrabami,
1110 1535 1169 1580 qui
1200 1535 1279 1569 dicit
1303 1538 1347 1570 ad

208 1610 276 1637 eos,
301 1598 360 1642 qui
384 1597 419 1630 in
443 1599 620 1632 tormentis
643 1607 734 1638 suut,
759 1598 837 1643 quja
861 1597 973 1637 „inter
986 1598 1022 1642 6>
1047 1610 1106 1630 vos
1121 1606 1153 1630 et
1164 1611 1227 1631 nos
1243 1598 1347 1632 chaos

207 1672 369 1702 magnum
401 1659 642 1693 confirmatum
677 1664 763 1693 est:“
802 1668 838 1691 ut
871 1669 903 1691 et
934 1659 1005 1703 ipse
1035 1659 1070 1692 in
1100 1658 1230 1693 sinibus
1265 1659 1347 1706 ejus,

307 1848 342 1891 ¹)
368 1848 495 1881 Thren.
521 1849 578 1888 IV,
602 1851 655 1883 20.
752 1849 789 1893 ²)
812 1849 893 1882 Luc.
918 1850 944 1890 I,
967 1850 1022 1884 35.

306 1903 342 1947 3)
367 1904 588 1938 Desideratur
611 1905 825 1945 „Dominus“
847 1906 882 1939 in
909 1906 960 1938 ed.
985 1904 1102 1938 Ruaei.

307 1959 343 2001 ⁴)
369 1960 425 1993 Sic
450 1961 553 1993 habet
578 1960 666 1994 Cod.
686 1961 906 1995 Turonensis.
929 1960 1025 1993 Libri
1049 1969 1146 1993 antea
1170 1959 1349 2003 editi(e.c.

214 2004 290 2036 edd.
315 2004 384 2046 Μ.)
409 2006 550 2038 habent:
582 2006 725 2045 ,‚Fino.“
750 2007 855 2038 LXX.
880 2007 1095 2049 interpretes:
1121 2001 1282 2044 ,,Φινώ.“
1305 2005 1345 2037 R.

213 2068 255 2075 —·
281 2050 442 2091 Vulgata:
467 2051 672 2092 ,‚Phunon.“
698 2051 766 2084 Csr.
792 2052 892 2084 Num.
916 2050 1086 2090 XXXIII,
1110 2051 1163 2083 42.
1187 2050 1242 2084 43.

307 2105 343 2148 ⁵)
367 2107 407 2138 In
439 2106 533 2139 libris
566 2115 663 2139 antea
694 2106 789 2139 editis
812 2107 862 2151 (v.
888 2120 916 2141 c.
941 2107 1017 2139 edd.
1040 2105 1112 2149 M.)
1140 2118 1206 2149 pro
1237 2103 1348 2144 „Gai“

214 2149 337 2191 legitur
351 2150 468 2190 ‚,Cai,“
481 2153 541 2184 sed
558 2151 650 2195 apud
663 2152 772 2184 LXX.
785 2152 1003 2195 interpretes:
1027 2149 1149 2190 ,,Γαῖ’,“
1166 2149 1245 2183 etin
1259 2149 1347 2184 Cod.

215 2193 426 2229 Turonensi:
451 2195 573 2236 „Gai.“
598 2196 637 2229 B.
663 2215 704 2221 —
732 2196 802 2229 Cfr.
827 2196 929 2231 Num.
952 2194 1118 2237 XXXIII,
1140 2195 1195 2230 44.
1218 2195 1273 2229 45.

307 2249 346 2294 ⁶)
368 2251 449 2285 Luc.
474 2251 567 2292 XVI,
591 2252 645 2286 26.

1119 2309 1129 2328 Ι

1396 579 1398 582 ,
1390 528 1397 542 2
1393 472 1396 502 .-
1383 196 1395 458 ,au-mgstxzuessvr-
