1427 2460
317 111 363 140 m
387 101 565 134 Nummos
590 97 750 133 HOMILIA
770 100 913 134 XXVII.
1121 102 1186 136 361

57 195 144 228 sicut
166 194 283 226 beatus
296 192 450 230 Lazarus,
473 189 667 234 requiescat.
713 190 798 224 Inde
822 190 944 224 iterum
971 190 1101 224 venitur
1125 191 1189 224 Di-

61 256 220 296 bongad,
258 254 353 298 quod
387 251 574 294 significare
608 252 716 283 fertur
752 251 919 296 apiarium
953 252 1189 286 tentationum.

59 316 92 350 O
117 316 238 348 miram
264 313 395 347 divinae
418 311 651 357 providentiae
667 312 847 346 cautelam!
880 313 969 346 Ecce
992 313 1059 359 jam
1083 313 1191 347 viator

59 376 113 409 hic
137 375 264 410 itineris
289 375 451 414 coelestis,
475 387 628 407 summae
649 374 850 418 perfectioni
875 375 1049 420 proximus
1063 376 1102 408 fit
1116 389 1192 408 suc-

61 437 210 472 cessione
241 437 419 476 virtutum‚
453 445 485 469 et
513 445 627 469 tamen
660 435 690 468 ei
720 445 924 470 tentamenta
956 450 1027 469 non
1060 437 1193 477 desunt,

60 501 120 534 sed
150 498 232 532 novi
266 498 394 540 generis
426 497 528 530 audio
571 505 787 530 tentamenta.
835 497 1030 542 Apiarium,
1072 498 1192 542 inquit,

60 560 297 595 tentationum.
346 558 428 604 Apis
453 558 623 591 laudabile
648 558 773 591 animal
785 558 820 591 in
834 559 1016 603 Scripturis
1040 559 1192 604 positum

62 631 127 661 est,
159 634 197 654 cx
221 620 317 666 cujus
347 620 524 653 laboribus
556 632 647 661 reges
673 629 704 652 et
733 620 923 654 mediocres
948 621 990 654 ad
1016 622 1191 654 sanitatem

61 685 264 717 abutuntur:
288 682 382 726 quod
406 690 495 714 recte
519 681 562 714 de
585 680 694 714 verbis
717 683 963 726 prophetarum
989 692 1020 715 et
1046 683 1194 727 Aposto-

62 745 187 784 lorum,
211 755 310 788 atque
335 742 502 781 omnium,
526 742 584 786 qui
607 755 700 775 sacra
725 742 897 775 volumina
912 743 1196 787 conscripserunt,

63 805 244 850 accipitur:
270 814 300 837 et
311 805 399 837 istud
425 816 494 836 esse
517 804 694 848 apiarium,
717 802 752 836 id
768 813 825 842 est,
851 816 988 836 omnem
1013 816 1195 835 numerum

62 868 305 911 scripturarum
322 865 511 897 divinarum
523 863 861 906 dignissimeintelligi
878 874 973 909 puto.
990 864 1049 897 Est
1060 877 1137 905 ergo
1148 864 1196 904 iis,

63 927 123 972 qui
142 929 184 960 ad
209 926 455 971 perfectionem
481 926 638 966 tendunt,
659 924 758 958 etiam
775 925 809 958 in
824 926 891 959 hoc
915 926 1055 970 apiario,
1079 925 1112 958 id
1141 935 1199 966 est,

63 989 98 1022 in
121 988 229 1021 verbis
253 987 460 1032 propheticis
484 996 514 1019 et
539 987 744 1031 apostolicis,
767 989 933 1020 nonnulla
960 988 1107 1021 tentatio.
1139 987 1198 1020 Vis

65 1050 189 1089 videre,
221 1049 299 1093 quia
331 1048 372 1081 sit
394 1048 480 1092 in')
510 1048 560 1081 liis
585 1047 724 1081 tentatio
756 1062 828 1081 non
858 1048 1021 1082 rni‘nima?
1067 1049 1106 1080 In
1131 1049 1197 1081 hoc

65 1110 196 1155 apiario
226 1111 390 1153 scriptum
419 1110 574 1142 invenio:
607 1110 704 1149 „vide
716 1109 762 1153 ²),
787 1111 915 1155 inquit,
944 1124 988 1143 ne
1012 1109 1198 1153 adspiciens

65 1172 172 1205 solem
209 1179 240 1204 et
271 1171 397 1212 lunam,
434 1172 555 1203 adores
585 1183 635 1214 ea,
673 1184 758 1215 quae
789 1172 1006 1216 sequestravit
1029 1169 1200 1203 Dominus

65 1233 161 1265 Deus
186 1242 261 1266 tuus
286 1233 473 1273 gentibus.“
519 1231 631 1271 Vides,
658 1245 745 1276 quae
767 1234 907 1266 tentatio
926 1233 968 1264 de
986 1231 1114 1275 apiario
1134 1231 1198 1264 isto

65 1293 248 1339 procedit?
273 1293 317 1326 Et
339 1293 464 1326 iterum
489 1306 566 1325 cum
591 1292 691 1326 dicit:
714 1294 868 1337 Π(Ῑετοεὸ)
892 1307 962 1326 non
987 1293 1200 1326 ma!edices.“

67 1355 113 1388 Et
136 1355 254 1388 iterum
271 1354 306 1387 in
318 1354 399 1387 novi
421 1354 613 1386 testamenti
633 1354 775 1398 apiario,
798 1355 1024 1397 ubilegimus:
1049 1354 1151 1399 „quid
1166 1353 1200 1398 4)

67 1430 124 1449 me
147 1416 245 1449 vultis
270 1415 427 1449 occidere
450 1415 637 1454 hominem,
669 1416 727 1460 qui
758 1417 930 1450 veritatem
962 1417 1096 1448 locutus
1125 1429 1200 1448 sum

68 1477 212 1512 vobis?“
236 1476 282 1509 Et
305 1477 427 1509 iterum
452 1476 489 1509 in
513 1476 586 1510 aliis
609 1478 679 1521 ipse
703 1477 876 1511 Dominus
901 1477 997 1511 dicit:
1022 1486 1202 1522 „propter-

70 1553 108 1573 ea
123 1540 159 1583 ⁵)
182 1539 217 1572 in
243 1538 417 1583 parabolis
442 1538 569 1583 loquor
593 1536 642 1577 iis,
671 1547 710 1570 ut
731 1538 881 1572 videntes
904 1553 977 1571 non
1001 1540 1147 1578 videant,
1172 1547 1203 1570 et

70 1601 244 1635 audientes
269 1613 342 1632 non
367 1599 573 1641 intelligant:
598 1612 644 1632 ne
655 1600 743 1632 sorte
767 1609 1017 1639 convertantur,
1044 1609 1073 1632 et
1087 1612 1202 1632 sanem

71 1666 161 1697 eos.“
208 1661 277 1695 Sed
302 1670 333 1693 et
364 1674 442 1693 cum
465 1662 651 1705 Apostolus
684 1660 781 1693 dicit:
815 1662 873 1702 „in
885 1662 921 1705 6)
953 1662 1075 1704 quibus
1110 1661 1204 1693 Deus

70 1723 171 1769 hujus
193 1721 321 1757 saeculi
345 1722 531 1755 excaecavit
555 1731 682 1754 mentes
705 1721 895 1754 infidelium
906 1726 935 1754 :“
961 1732 992 1754 et
1011 1723 1116 1753 multa
1141 1721 1204 1753 hu-

69 1785 220 1833 jusmodi
250 1784 286 1817 in
310 1785 376 1817 hoc
401 1783 515 1817 divino
542 1782 670 1828 apiario
696 1791 902 1815 tentamenta
927 1781 1130 1828 reperies7)‚
1161 1784 1204 1815 ad

167 1940 203 1983 ¹)
228 1941 316 1973 Edd.
340 1939 498 1973 Merlini:
523 1940 558 1972 in
582 1940 620 1973 iis
644 1939 785 1972 tentatio
811 1947 873 1971 etc.

165 1996 202 2041 ²)
227 1996 330 2029 Deut.
355 1996 412 2034 lV,
437 1995 489 2029 19.
584 1994 620 2037 3)
646 1994 754 2027 Exod.
778 1993 893 2034 XXII,
915 1993 969 2027 ⁶28.

165 2053 204 2097 ⁴)
226 2053 287 2085 Ev.
311 2052 438 2085 Joann.
462 2051 554 2090 VIII,
576 2051 630 2084 40.

167 2108 205 2152 ⁵)
232 2108 355 2141 Matth.
379 2107 474 2146 Xlll,
502 2108 552 2142 13.
578 2108 631 2141 15.
657 2106 734 2139 coll.
758 2105 856 2138 Jesai.
882 2104 941 2145 Vl,
964 2105 995 2139 9.
1021 2105 1073 2139 10.

168 2164 207 2207 ⁶)
231 2164 263 2196 II
290 2163 371 2196 Cor.
395 2163 452 2203 lV,
475 2163 505 2196 4.

168 2219 318 2271 7).Ε(1(1.
348 2218 485 2252 Merlini
508 2232 705 2263 perperam:
737 2218 891 2262 reperies.
940 2217 1052 2259 Atque
1074 2229 1208 2250 necesse.

79 2274 127 2299 est
149 2277 262 2298 venire
286 2273 346 2298 etc.
