<?xml version="1.0" encoding="UTF-8"?>
<!DOCTYPE html PUBLIC "-//W3C//DTD XHTML 1.0 Transitional//EN"
    "http://www.w3.org/TR/xhtml1/DTD/xhtml1-transitional.dtd">
<html xmlns="http://www.w3.org/1999/xhtml" xml:lang="en" lang="en">
 <head>
  <title>
</title>
<meta http-equiv="Content-Type" content="text/html;charset=utf-8" />
  <meta name='ocr-system' content='tesseract 3.04.00' />
  <meta name='ocr-capabilities' content='ocr_page ocr_carea ocr_par ocr_line ocrx_word'/>
</head>
<body>
  <div class='ocr_page' id='page_1' title='image "./operaomniaquaegr10orig_0257.png"; bbox 0 0 1427 2460; ppageno 0'>
   <div class='ocr_carea' id='block_1_1' title="bbox 364 63 1200 117">
    <p class='ocr_par' dir='ltr' id='par_1_1' title="bbox 364 63 1200 117">
     <span class='ocr_line' id='line_1_1' title="bbox 364 63 1200 117; baseline 0.005 -4"><span class='ocrx_word' id='word_1_1' title='bbox 364 91 400 114; x_wconf 78' lang='lat' dir='ltr'><strong>m</strong></span> <span class='ocrx_word' id='word_1_2' title='bbox 425 63 602 114; x_wconf 69' lang='lat' dir='ltr'><strong>vaimtos</strong></span> <span class='ocrx_word' id='word_1_3' title='bbox 625 78 785 113; x_wconf 76' lang='lat' dir='ltr'><strong>HomuA</strong></span> <span class='ocrx_word' id='word_1_4' title='bbox 814 79 908 114; x_wconf 87' lang='lat' dir='ltr'>XIX.</span> <span class='ocrx_word' id='word_1_5' title='bbox 1133 83 1200 117; x_wconf 81' lang='lat'><strong>235</strong></span> 
     </span>
    </p>
   </div>
   <div class='ocr_carea' id='block_1_2' title="bbox 58 169 1204 1876">
    <p class='ocr_par' dir='ltr' id='par_1_2' title="bbox 58 169 1204 1876">
     <span class='ocr_line' id='line_1_2' title="bbox 71 169 1200 215; baseline -0.002 -8"><span class='ocrx_word' id='word_1_6' title='bbox 71 182 102 207; x_wconf 81' lang='lat' dir='ltr'><strong>et</strong></span> <span class='ocrx_word' id='word_1_7' title='bbox 130 172 157 206; x_wconf 89' lang='lat' dir='ltr'><strong>si</strong></span> <span class='ocrx_word' id='word_1_8' title='bbox 181 170 345 206; x_wconf 84' lang='lat' dir='ltr'><strong>invenerit</strong></span> <span class='ocrx_word' id='word_1_9' title='bbox 374 183 436 204; x_wconf 89' lang='lat' dir='ltr'><strong>nos</strong></span> <span class='ocrx_word' id='word_1_10' title='bbox 460 169 564 203; x_wconf 85' lang='lat' dir='ltr'><strong>lassos</strong></span> <span class='ocrx_word' id='word_1_11' title='bbox 589 181 627 201; x_wconf 86' lang='lat' dir='ltr'><strong>ac</strong></span> <span class='ocrx_word' id='word_1_12' title='bbox 653 170 815 211; x_wconf 86' lang='lat' dir='ltr'><strong>defessos,</strong></span> <span class='ocrx_word' id='word_1_13' title='bbox 847 179 879 202; x_wconf 89' lang='lat' dir='ltr'><strong>et</strong></span> <span class='ocrx_word' id='word_1_14' title='bbox 903 180 993 203; x_wconf 86' lang='lat' dir='ltr'><strong>retro</strong></span> <span class='ocrx_word' id='word_1_15' title='bbox 1018 171 1200 215; x_wconf 82' lang='lat' dir='ltr'><strong>respicien-</strong></span> 
     </span>
     <span class='ocr_line' id='line_1_3' title="bbox 71 230 1202 278; baseline -0.002 -10"><span class='ocrx_word' id='word_1_16' title='bbox 71 244 129 275; x_wconf 86' lang='lat' dir='ltr'><strong>tes,</strong></span> <span class='ocrx_word' id='word_1_17' title='bbox 153 243 253 278; x_wconf 85' lang='lat' dir='ltr'><strong>atque</strong></span> <span class='ocrx_word' id='word_1_18' title='bbox 277 232 312 265; x_wconf 86' lang='lat' dir='ltr'><strong>in</strong></span> <span class='ocrx_word' id='word_1_19' title='bbox 335 231 460 265; x_wconf 81' lang='lat' dir='ltr'><strong>ultimis</strong></span> <span class='ocrx_word' id='word_1_20' title='bbox 485 240 517 264; x_wconf 90' lang='lat' dir='ltr'><strong>et</strong></span> <span class='ocrx_word' id='word_1_21' title='bbox 539 230 576 263; x_wconf 85' lang='lat' dir='ltr'><strong>in</strong></span> <span class='ocrx_word' id='word_1_22' title='bbox 601 232 708 264; x_wconf 79' lang='lat' dir='ltr'><strong>cauda</strong></span> <span class='ocrx_word' id='word_1_23' title='bbox 731 231 870 275; x_wconf 88' lang='lat' dir='ltr'><strong>positos,</strong></span> <span class='ocrx_word' id='word_1_24' title='bbox 893 231 1060 266; x_wconf 79' lang='lat' dir='ltr'>abscindit</span> <span class='ocrx_word' id='word_1_25' title='bbox 1082 246 1145 267; x_wconf 89' lang='lat' dir='ltr'><strong>nos</strong></span> <span class='ocrx_word' id='word_1_26' title='bbox 1169 243 1202 266; x_wconf 87' lang='lat' dir='ltr'><strong>et</strong></span> 
     </span>
     <span class='ocr_line' id='line_1_4' title="bbox 70 283 1201 341; baseline -0.001 -12"><span class='ocrx_word' id='word_1_27' title='bbox 70 283 221 341; x_wconf 77' lang='lat' dir='ltr'><strong>perimit.</strong></span> <span class='ocrx_word' id='word_1_28' title='bbox 265 294 312 327; x_wconf 86' lang='lat' dir='ltr'><strong>Et</strong></span> <span class='ocrx_word' id='word_1_29' title='bbox 333 293 411 327; x_wconf 85' lang='lat' dir='ltr'><strong>ideo</strong></span> <span class='ocrx_word' id='word_1_30' title='bbox 437 292 699 337; x_wconf 79' lang='lat' dir='ltr'><strong>tendendum1)</strong></span> <span class='ocrx_word' id='word_1_31' title='bbox 730 306 864 339; x_wconf 80' lang='lat' dir='ltr'><strong>semper</strong></span> <span class='ocrx_word' id='word_1_32' title='bbox 892 294 927 326; x_wconf 91' lang='lat' dir='ltr'><strong>in</strong></span> <span class='ocrx_word' id='word_1_33' title='bbox 959 303 1035 327; x_wconf 86' lang='lat' dir='ltr'><strong>ante</strong></span> <span class='ocrx_word' id='word_1_34' title='bbox 1067 304 1130 335; x_wconf 88' lang='lat' dir='ltr'><strong>est,</strong></span> <span class='ocrx_word' id='word_1_35' title='bbox 1168 304 1201 328; x_wconf 87' lang='lat' dir='ltr'><strong>et</strong></span> 
     </span>
     <span class='ocr_line' id='line_1_5' title="bbox 70 354 1200 402; baseline 0 -12"><span class='ocrx_word' id='word_1_36' title='bbox 70 358 114 391; x_wconf 80' lang='lat' dir='ltr'><strong>ad</strong></span> <span class='ocrx_word' id='word_1_37' title='bbox 136 357 253 402; x_wconf 84' lang='lat' dir='ltr'><strong>priora</strong></span> <span class='ocrx_word' id='word_1_38' title='bbox 267 355 303 400; x_wconf 84' lang='lat'><strong>²)</strong></span> <span class='ocrx_word' id='word_1_39' title='bbox 327 355 575 397; x_wconf 82' lang='lat' dir='ltr'><strong>festinandum,</strong></span> <span class='ocrx_word' id='word_1_40' title='bbox 598 354 669 388; x_wconf 85' lang='lat' dir='ltr'><strong>imo</strong></span> <span class='ocrx_word' id='word_1_41' title='bbox 693 363 725 387; x_wconf 88' lang='lat' dir='ltr'><strong>et</strong></span> <span class='ocrx_word' id='word_1_42' title='bbox 747 355 782 388; x_wconf 89' lang='lat' dir='ltr'><strong>in</strong></span> <span class='ocrx_word' id='word_1_43' title='bbox 806 355 963 389; x_wconf 79' lang='lat' dir='ltr'><strong>verticem</strong></span> <span class='ocrx_word' id='word_1_44' title='bbox 989 357 1115 390; x_wconf 88' lang='lat' dir='ltr'><strong>montis</strong></span> <span class='ocrx_word' id='word_1_45' title='bbox 1138 357 1200 390; x_wconf 85' lang='lat' dir='ltr'><strong>ad-</strong></span> 
     </span>
     <span class='ocr_line' id='line_1_6' title="bbox 69 416 1200 462; baseline -0.002 -8"><span class='ocrx_word' id='word_1_46' title='bbox 69 419 319 457; x_wconf 86' lang='lat' dir='ltr'><strong>scendendum,</strong></span> <span class='ocrx_word' id='word_1_47' title='bbox 350 426 382 451; x_wconf 87' lang='lat' dir='ltr'><strong>et</strong></span> <span class='ocrx_word' id='word_1_48' title='bbox 409 430 546 462; x_wconf 84' lang='lat' dir='ltr'><strong>semper</strong></span> <span class='ocrx_word' id='word_1_49' title='bbox 576 417 738 450; x_wconf 86' lang='lat' dir='ltr'><strong>levandae</strong></span> <span class='ocrx_word' id='word_1_50' title='bbox 762 426 840 450; x_wconf 87' lang='lat' dir='ltr'><strong>sunt</strong></span> <span class='ocrx_word' id='word_1_51' title='bbox 862 416 898 449; x_wconf 83' lang='lat' dir='ltr'><strong>in</strong></span> <span class='ocrx_word' id='word_1_52' title='bbox 924 417 1134 452; x_wconf 81' lang='lat' dir='ltr'><strong>orationibus</strong></span> <span class='ocrx_word' id='word_1_53' title='bbox 1157 420 1200 452; x_wconf 86' lang='lat' dir='ltr'><strong>ad</strong></span> 
     </span>
     <span class='ocr_line' id='line_1_7' title="bbox 71 472 1199 519; baseline 0.001 -6"><span class='ocrx_word' id='word_1_54' title='bbox 71 472 203 514; x_wconf 75' lang='lat' dir='ltr'><strong>coelum</strong></span> <span class='ocrx_word' id='word_1_55' title='bbox 227 492 358 519; x_wconf 83' lang='lat' dir='ltr'><strong>manus,</strong></span> <span class='ocrx_word' id='word_1_56' title='bbox 380 489 417 512; x_wconf 90' lang='lat' dir='ltr'><strong>ut</strong></span> <span class='ocrx_word' id='word_1_57' title='bbox 439 479 485 512; x_wconf 81' lang='lat' dir='ltr'><strong>ita</strong></span> <span class='ocrx_word' id='word_1_58' title='bbox 510 480 646 512; x_wconf 83' lang='lat' dir='ltr'><strong>demum</strong></span> <span class='ocrx_word' id='word_1_59' title='bbox 671 477 823 511; x_wconf 81' lang='lat' dir='ltr'>vincatur</span> <span class='ocrx_word' id='word_1_60' title='bbox 846 479 1011 513; x_wconf 83' lang='lat' dir='ltr'><strong>Amalech</strong></span> <span class='ocrx_word' id='word_1_61' title='bbox 1038 489 1069 513; x_wconf 91' lang='lat' dir='ltr'><strong>et</strong></span> <span class='ocrx_word' id='word_1_62' title='bbox 1092 482 1199 514; x_wconf 84' lang='lat' dir='ltr'><strong>cadat.</strong></span> 
     </span>
     <span class='ocr_line' id='line_1_8' title="bbox 58 539 1201 586; baseline 0 -11"><span class='ocrx_word' id='word_1_63' title='bbox 58 541 126 577; x_wconf 72' lang='lat' dir='ltr'><strong>‚Vis</strong></span> <span class='ocrx_word' id='word_1_64' title='bbox 155 550 267 574; x_wconf 88' lang='lat' dir='ltr'><strong>autem</strong></span> <span class='ocrx_word' id='word_1_65' title='bbox 297 540 400 582; x_wconf 86' lang='lat' dir='ltr'><strong>scire,</strong></span> <span class='ocrx_word' id='word_1_66' title='bbox 435 541 598 586; x_wconf 89' lang='lat' dir='ltr'><strong>quoniam</strong></span> <span class='ocrx_word' id='word_1_67' title='bbox 627 553 700 573; x_wconf 87' lang='lat' dir='ltr'><strong>non</strong></span> <span class='ocrx_word' id='word_1_68' title='bbox 724 539 885 573; x_wconf 82' lang='lat' dir='ltr'>transitur</span> <span class='ocrx_word' id='word_1_69' title='bbox 908 542 952 574; x_wconf 88' lang='lat' dir='ltr'><strong>ad</strong></span> <span class='ocrx_word' id='word_1_70' title='bbox 975 550 1100 578; x_wconf 87' lang='lat' dir='ltr'><strong>terram</strong></span> <span class='ocrx_word' id='word_1_71' title='bbox 1124 555 1201 576; x_wconf 89' lang='lat' dir='ltr'><strong>san-</strong></span> 
     </span>
     <span class='ocr_line' id='line_1_9' title="bbox 69 601 1202 647; baseline 0.001 -11"><span class='ocrx_word' id='word_1_72' title='bbox 69 611 173 645; x_wconf 86' lang='lat' dir='ltr'><strong>ctam,</strong></span> <span class='ocrx_word' id='word_1_73' title='bbox 210 615 324 647; x_wconf 85' lang='lat' dir='ltr'><strong>neque</strong></span> <span class='ocrx_word' id='word_1_74' title='bbox 353 602 549 646; x_wconf 87' lang='lat' dir='ltr'><strong>pervenitur</strong></span> <span class='ocrx_word' id='word_1_75' title='bbox 579 603 622 635; x_wconf 90' lang='lat' dir='ltr'><strong>ad</strong></span> <span class='ocrx_word' id='word_1_76' title='bbox 644 614 806 643; x_wconf 81' lang='lat' dir='ltr'><strong>regnum,</strong></span> <span class='ocrx_word' id='word_1_77' title='bbox 843 601 908 635; x_wconf 84' lang='lat' dir='ltr'><strong>nisi</strong></span> <span class='ocrx_word' id='word_1_78' title='bbox 931 603 1024 647; x_wconf 90' lang='lat' dir='ltr'><strong>prius</strong></span> <span class='ocrx_word' id='word_1_79' title='bbox 1048 605 1202 638; x_wconf 83' lang='lat' dir='ltr'><strong>vincatur</strong></span> 
     </span>
     <span class='ocr_line' id='line_1_10' title="bbox 66 662 1201 708; baseline -0.001 -9"><span class='ocrx_word' id='word_1_80' title='bbox 66 664 256 699; x_wconf 82' lang='lat' dir='ltr'>Amalech?</span> <span class='ocrx_word' id='word_1_81' title='bbox 309 663 421 697; x_wconf 87' lang='lat' dir='ltr'><strong>David</strong></span> <span class='ocrx_word' id='word_1_82' title='bbox 454 677 532 708; x_wconf 86' lang='lat' dir='ltr'><strong>cum</strong></span> <span class='ocrx_word' id='word_1_83' title='bbox 562 664 668 697; x_wconf 85' lang='lat' dir='ltr'><strong>multa</strong></span> <span class='ocrx_word' id='word_1_84' title='bbox 697 663 787 696; x_wconf 86' lang='lat' dir='ltr'><strong>bella</strong></span> <span class='ocrx_word' id='word_1_85' title='bbox 819 662 982 705; x_wconf 81' lang='lat' dir='ltr'><strong>gessisset,</strong></span> <span class='ocrx_word' id='word_1_86' title='bbox 1021 673 1052 697; x_wconf 82' lang='lat' dir='ltr'><strong>et</strong></span> <span class='ocrx_word' id='word_1_87' title='bbox 1082 675 1201 698; x_wconf 83' lang='lat' dir='ltr'><strong>contra</strong></span> 
     </span>
     <span class='ocr_line' id='line_1_11' title="bbox 67 724 1202 773; baseline 0.001 -14"><span class='ocrx_word' id='word_1_88' title='bbox 67 727 271 773; x_wconf 85' lang='lat' dir='ltr'><strong>Allophylos</strong></span> <span class='ocrx_word' id='word_1_89' title='bbox 306 725 445 759; x_wconf 82' lang='lat' dir='ltr'><strong>fuissent</strong></span> <span class='ocrx_word' id='word_1_90' title='bbox 475 725 504 759; x_wconf 88' lang='lat' dir='ltr'><strong>ei</strong></span> <span class='ocrx_word' id='word_1_91' title='bbox 536 724 693 758; x_wconf 82' lang='lat' dir='ltr'>acerrimi</span> <span class='ocrx_word' id='word_1_92' title='bbox 723 726 985 770; x_wconf 82' lang='lat' dir='ltr'><strong>frequentesque</strong></span> <span class='ocrx_word' id='word_1_93' title='bbox 1015 726 1202 767; x_wconf 86' lang='lat' dir='ltr'><strong>conflictus,</strong></span> 
     </span>
     <span class='ocr_line' id='line_1_12' title="bbox 67 785 1201 831; baseline -0.001 -10"><span class='ocrx_word' id='word_1_94' title='bbox 67 800 138 821; x_wconf 89' lang='lat' dir='ltr'><strong>non</strong></span> <span class='ocrx_word' id='word_1_95' title='bbox 164 798 278 821; x_wconf 85' lang='lat' dir='ltr'><strong>tamen</strong></span> <span class='ocrx_word' id='word_1_96' title='bbox 309 786 467 820; x_wconf 82' lang='lat' dir='ltr'><strong>scribitur</strong></span> <span class='ocrx_word' id='word_1_97' title='bbox 494 786 678 820; x_wconf 81' lang='lat' dir='ltr'><strong>obtinuisse</strong></span> <span class='ocrx_word' id='word_1_98' title='bbox 713 799 872 828; x_wconf 84' lang='lat' dir='ltr'><strong>regnum,</strong></span> <span class='ocrx_word' id='word_1_99' title='bbox 911 786 975 819; x_wconf 89' lang='lat' dir='ltr'><strong>nisi</strong></span> <span class='ocrx_word' id='word_1_100' title='bbox 999 785 1091 831; x_wconf 85' lang='lat' dir='ltr'><strong>prius</strong></span> <span class='ocrx_word' id='word_1_101' title='bbox 1116 787 1201 820; x_wconf 91' lang='lat' dir='ltr'><strong>edo-</strong></span> 
     </span>
     <span class='ocr_line' id='line_1_13' title="bbox 67 846 1201 901; baseline 0 -19"><span class='ocrx_word' id='word_1_102' title='bbox 67 849 204 883; x_wconf 87' lang='lat' dir='ltr'><strong>muisset</strong></span> <span class='ocrx_word' id='word_1_103' title='bbox 237 849 412 882; x_wconf 77' lang='lat' dir='ltr'><strong>Amalech.</strong></span> <span class='ocrx_word' id='word_1_104' title='bbox 459 848 516 881; x_wconf 82' lang='lat' dir='ltr'><strong>Ait</strong></span> <span class='ocrx_word' id='word_1_105' title='bbox 551 849 642 881; x_wconf 87' lang='lat' dir='ltr'><strong>enim</strong></span> <span class='ocrx_word' id='word_1_106' title='bbox 673 847 865 893; x_wconf 82' lang='lat' dir='ltr'><strong>Scriptura:</strong></span> <span class='ocrx_word' id='word_1_107' title='bbox 902 846 1011 901; x_wconf 41' lang='lat' dir='ltr'><strong>,‚et(3)</strong></span> <span class='ocrx_word' id='word_1_108' title='bbox 1035 861 1201 890; x_wconf 83' lang='lat' dir='ltr'><strong>regressus</strong></span> 
     </span>
     <span class='ocr_line' id='line_1_14' title="bbox 69 909 1201 955; baseline 0 -11"><span class='ocrx_word' id='word_1_109' title='bbox 69 920 116 945; x_wconf 86' lang='lat' dir='ltr'><strong>est</strong></span> <span class='ocrx_word' id='word_1_110' title='bbox 133 909 255 951; x_wconf 83' lang='lat' dir='ltr'><strong>David,</strong></span> <span class='ocrx_word' id='word_1_111' title='bbox 279 919 502 955; x_wconf 86' lang='lat' dir='ltr'><strong>posteaquam</strong></span> <span class='ocrx_word' id='word_1_112' title='bbox 520 910 644 943; x_wconf 89' lang='lat' dir='ltr'><strong>cecidit</strong></span> <span class='ocrx_word' id='word_1_113' title='bbox 657 910 833 950; x_wconf 84' lang='lat' dir='ltr'><strong>Amalech,</strong></span> <span class='ocrx_word' id='word_1_114' title='bbox 856 919 888 943; x_wconf 86' lang='lat' dir='ltr'><strong>et</strong></span> <span class='ocrx_word' id='word_1_115' title='bbox 900 910 1047 954; x_wconf 78' lang='lat' dir='ltr'><strong>suscepit</strong></span> <span class='ocrx_word' id='word_1_116' title='bbox 1058 923 1201 952; x_wconf 86' lang='lat' dir='ltr'><strong>regnum</strong></span> 
     </span>
     <span class='ocr_line' id='line_1_15' title="bbox 68 971 1202 1017; baseline 0 -11"><span class='ocrx_word' id='word_1_117' title='bbox 68 972 200 1006; x_wconf 80' lang='lat' dir='ltr'><strong>Saul:“</strong></span> <span class='ocrx_word' id='word_1_118' title='bbox 222 985 301 1005; x_wconf 87' lang='lat' dir='ltr'><strong>cum</strong></span> <span class='ocrx_word' id='word_1_119' title='bbox 325 981 439 1006; x_wconf 83' lang='lat' dir='ltr'><strong>tamen</strong></span> <span class='ocrx_word' id='word_1_120' title='bbox 457 972 528 1016; x_wconf 86' lang='lat' dir='ltr'><strong>ipse</strong></span> <span class='ocrx_word' id='word_1_121' title='bbox 543 971 709 1004; x_wconf 79' lang='lat' dir='ltr'><strong>Amalech</strong></span> <span class='ocrx_word' id='word_1_122' title='bbox 732 971 942 1005; x_wconf 81' lang='lat' dir='ltr'><strong>describatur</strong></span> <span class='ocrx_word' id='word_1_123' title='bbox 963 972 1084 1005; x_wconf 87' lang='lat' dir='ltr'><strong>multas</strong></span> <span class='ocrx_word' id='word_1_124' title='bbox 1107 973 1202 1017; x_wconf 87' lang='lat' dir='ltr'><strong>prius</strong></span> 
     </span>
     <span class='ocr_line' id='line_1_16' title="bbox 66 1032 1202 1078; baseline 0.001 -11"><span class='ocrx_word' id='word_1_125' title='bbox 66 1043 190 1076; x_wconf 81' lang='lat' dir='ltr'><strong>strages</strong></span> <span class='ocrx_word' id='word_1_126' title='bbox 220 1032 338 1067; x_wconf 89' lang='lat' dir='ltr'><strong>fecisse</strong></span> <span class='ocrx_word' id='word_1_127' title='bbox 365 1032 401 1066; x_wconf 87' lang='lat' dir='ltr'><strong>in</strong></span> <span class='ocrx_word' id='word_1_128' title='bbox 432 1034 565 1078; x_wconf 82' lang='lat' dir='ltr'><strong>populo</strong></span> <span class='ocrx_word' id='word_1_129' title='bbox 598 1033 717 1072; x_wconf 86' lang='lat' dir='ltr'><strong>Israel,</strong></span> <span class='ocrx_word' id='word_1_130' title='bbox 755 1042 786 1065; x_wconf 89' lang='lat' dir='ltr'><strong>et</strong></span> <span class='ocrx_word' id='word_1_131' title='bbox 808 1034 908 1066; x_wconf 87' lang='lat' dir='ltr'><strong>urbes</strong></span> <span class='ocrx_word' id='word_1_132' title='bbox 940 1046 1060 1067; x_wconf 87' lang='lat' dir='ltr'><strong>eorum</strong></span> <span class='ocrx_word' id='word_1_133' title='bbox 1084 1034 1202 1068; x_wconf 88' lang='lat' dir='ltr'><strong>incen-</strong></span> 
     </span>
     <span class='ocr_line' id='line_1_17' title="bbox 69 1093 1203 1139; baseline -0.001 -11"><span class='ocrx_word' id='word_1_134' title='bbox 69 1095 156 1128; x_wconf 83' lang='lat' dir='ltr'><strong>disse</strong></span> <span class='ocrx_word' id='word_1_135' title='bbox 196 1107 298 1139; x_wconf 86' lang='lat' dir='ltr'><strong>quam</strong></span> <span class='ocrx_word' id='word_1_136' title='bbox 334 1094 506 1139; x_wconf 82' lang='lat' dir='ltr'><strong>plurimas.</strong></span> <span class='ocrx_word' id='word_1_137' title='bbox 564 1095 654 1127; x_wconf 84' lang='lat' dir='ltr'><strong>Vere</strong></span> <span class='ocrx_word' id='word_1_138' title='bbox 685 1093 775 1127; x_wconf 86' lang='lat' dir='ltr'><strong>enim</strong></span> <span class='ocrx_word' id='word_1_139' title='bbox 815 1104 891 1127; x_wconf 83' lang='lat' dir='ltr'><strong>ante</strong></span> <span class='ocrx_word' id='word_1_140' title='bbox 921 1095 1104 1128; x_wconf 86' lang='lat' dir='ltr'><strong>adventum</strong></span> <span class='ocrx_word' id='word_1_141' title='bbox 1133 1095 1203 1128; x_wconf 85' lang='lat' dir='ltr'><strong>veri</strong></span> 
     </span>
     <span class='ocr_line' id='line_1_18' title="bbox 67 1155 1202 1201; baseline 0.001 -12"><span class='ocrx_word' id='word_1_142' title='bbox 67 1156 198 1197; x_wconf 83' lang='lat' dir='ltr'><strong>David,</strong></span> <span class='ocrx_word' id='word_1_143' title='bbox 227 1156 338 1196; x_wconf 86' lang='lat' dir='ltr'><strong>illius,</strong></span> <span class='ocrx_word' id='word_1_144' title='bbox 371 1155 430 1201; x_wconf 88' lang='lat' dir='ltr'><strong>qui</strong></span> <span class='ocrx_word' id='word_1_145' title='bbox 457 1164 556 1189; x_wconf 83' lang='lat' dir='ltr'><strong>natus</strong></span> <span class='ocrx_word' id='word_1_146' title='bbox 588 1164 636 1188; x_wconf 86' lang='lat' dir='ltr'><strong>est</strong></span> <span class='ocrx_word' id='word_1_147' title='bbox 666 1168 705 1188; x_wconf 86' lang='lat' dir='ltr'><strong>ex</strong></span> <span class='ocrx_word' id='word_1_148' title='bbox 726 1155 855 1188; x_wconf 89' lang='lat' dir='ltr'><strong>semine</strong></span> <span class='ocrx_word' id='word_1_149' title='bbox 877 1155 990 1189; x_wconf 82' lang='lat' dir='ltr'><strong>David</strong></span> <span class='ocrx_word' id='word_1_150' title='bbox 1013 1158 1202 1190; x_wconf 81' lang='lat' dir='ltr'><strong>secundum</strong></span> 
     </span>
     <span class='ocr_line' id='line_1_19' title="bbox 69 1216 1203 1262; baseline 0 -11"><span class='ocrx_word' id='word_1_151' title='bbox 69 1231 217 1257; x_wconf 82' lang='lat' dir='ltr'><strong>carnem,</strong></span> <span class='ocrx_word' id='word_1_152' title='bbox 240 1218 363 1250; x_wconf 89' lang='lat' dir='ltr'><strong>multas</strong></span> <span class='ocrx_word' id='word_1_153' title='bbox 386 1216 507 1259; x_wconf 84' lang='lat' dir='ltr'><strong>strages</strong></span> <span class='ocrx_word' id='word_1_154' title='bbox 537 1216 727 1261; x_wconf 77' lang='lat' dir='ltr'><strong>spirituales</strong></span> <span class='ocrx_word' id='word_1_155' title='bbox 750 1216 990 1257; x_wconf 82' lang='lat' dir='ltr'><strong>Amalechitae,</strong></span> <span class='ocrx_word' id='word_1_156' title='bbox 1016 1230 1102 1262; x_wconf 87' lang='lat' dir='ltr'><strong>quae</strong></span> <span class='ocrx_word' id='word_1_157' title='bbox 1123 1228 1203 1251; x_wconf 90' lang='lat' dir='ltr'><strong>sunt</strong></span> 
     </span>
     <span class='ocr_line' id='line_1_20' title="bbox 71 1277 1203 1322; baseline 0.001 -10"><span class='ocrx_word' id='word_1_158' title='bbox 71 1279 260 1312; x_wconf 81' lang='lat' dir='ltr'><strong>contrariae</strong></span> <span class='ocrx_word' id='word_1_159' title='bbox 293 1277 448 1317; x_wconf 82' lang='lat' dir='ltr'><strong>virtutes,</strong></span> <span class='ocrx_word' id='word_1_160' title='bbox 484 1279 638 1310; x_wconf 83' lang='lat' dir='ltr'><strong>fecerunt</strong></span> <span class='ocrx_word' id='word_1_161' title='bbox 667 1278 703 1310; x_wconf 88' lang='lat' dir='ltr'><strong>in</strong></span> <span class='ocrx_word' id='word_1_162' title='bbox 735 1279 867 1322; x_wconf 89' lang='lat' dir='ltr'><strong>populo</strong></span> <span class='ocrx_word' id='word_1_163' title='bbox 902 1278 1015 1312; x_wconf 86' lang='lat' dir='ltr'><strong>Israel.</strong></span> <span class='ocrx_word' id='word_1_164' title='bbox 1069 1279 1139 1312; x_wconf 90' lang='lat' dir='ltr'><strong>Sed</strong></span> <span class='ocrx_word' id='word_1_165' title='bbox 1169 1290 1203 1313; x_wconf 86' lang='lat' dir='ltr'><strong>et</strong></span> 
     </span>
     <span class='ocr_line' id='line_1_21' title="bbox 58 1337 1202 1385; baseline 0.002 -11"><span class='ocrx_word' id='word_1_166' title='bbox 58 1340 172 1385; x_wconf 83' lang='lat' dir='ltr'><strong>&#39;ipsius</strong></span> <span class='ocrx_word' id='word_1_167' title='bbox 185 1338 297 1372; x_wconf 81' lang='lat' dir='ltr'><strong>David</strong></span> <span class='ocrx_word' id='word_1_168' title='bbox 317 1339 539 1383; x_wconf 75' lang='lat' dir='ltr'><strong>captivarunt,</strong></span> <span class='ocrx_word' id='word_1_169' title='bbox 563 1337 674 1382; x_wconf 86' lang='lat' dir='ltr'><strong>inquit</strong></span> <span class='ocrx_word' id='word_1_170' title='bbox 687 1337 734 1381; x_wconf 76' lang='lat'><strong>4),</strong></span> <span class='ocrx_word' id='word_1_171' title='bbox 757 1340 840 1372; x_wconf 83' lang='lat' dir='ltr'><strong>duas</strong></span> <span class='ocrx_word' id='word_1_172' title='bbox 863 1352 994 1373; x_wconf 82' lang='lat' dir='ltr'><strong>uxores.</strong></span> <span class='ocrx_word' id='word_1_173' title='bbox 1033 1342 1202 1376; x_wconf 88' lang='lat' dir='ltr'><strong>Judaeum</strong></span> 
     </span>
     <span class='ocr_line' id='line_1_22' title="bbox 68 1399 1204 1447; baseline 0.003 -13"><span class='ocrx_word' id='word_1_174' title='bbox 68 1411 155 1447; x_wconf 89' lang='lat' dir='ltr'><strong>puto</strong></span> <span class='ocrx_word' id='word_1_175' title='bbox 181 1400 351 1447; x_wconf 87' lang='lat' dir='ltr'><strong>primum,</strong></span> <span class='ocrx_word' id='word_1_176' title='bbox 387 1409 420 1433; x_wconf 91' lang='lat' dir='ltr'><strong>et</strong></span> <span class='ocrx_word' id='word_1_177' title='bbox 443 1401 630 1433; x_wconf 83' lang='lat' dir='ltr'><strong>secundum</strong></span> <span class='ocrx_word' id='word_1_178' title='bbox 656 1399 829 1433; x_wconf 87' lang='lat' dir='ltr'><strong>Gentilem</strong></span> <span class='ocrx_word' id='word_1_179' title='bbox 853 1401 1023 1445; x_wconf 85' lang='lat' dir='ltr'><strong>populum</strong></span> <span class='ocrx_word' id='word_1_180' title='bbox 1056 1401 1140 1437; x_wconf 86' lang='lat' dir='ltr'><strong>dici:</strong></span> <span class='ocrx_word' id='word_1_181' title='bbox 1172 1413 1204 1437; x_wconf 82' lang='lat' dir='ltr'><strong>et</strong></span> 
     </span>
     <span class='ocr_line' id='line_1_23' title="bbox 68 1462 1202 1508; baseline 0.002 -11"><span class='ocrx_word' id='word_1_182' title='bbox 68 1464 223 1497; x_wconf 82' lang='lat' dir='ltr'><strong>Judaeos</strong></span> <span class='ocrx_word' id='word_1_183' title='bbox 253 1462 345 1497; x_wconf 87' lang='lat' dir='ltr'><strong>enim</strong></span> <span class='ocrx_word' id='word_1_184' title='bbox 378 1471 409 1496; x_wconf 91' lang='lat' dir='ltr'><strong>et</strong></span> <span class='ocrx_word' id='word_1_185' title='bbox 441 1462 592 1495; x_wconf 85' lang='lat' dir='ltr'><strong>Gentiles</strong></span> <span class='ocrx_word' id='word_1_186' title='bbox 630 1474 749 1495; x_wconf 88' lang='lat' dir='ltr'><strong>omnes</strong></span> <span class='ocrx_word' id='word_1_187' title='bbox 788 1471 918 1496; x_wconf 84' lang='lat' dir='ltr'><strong>constat</strong></span> <span class='ocrx_word' id='word_1_188' title='bbox 955 1464 1019 1496; x_wconf 85' lang='lat' dir='ltr'><strong>sub</strong></span> <span class='ocrx_word' id='word_1_189' title='bbox 1059 1474 1202 1508; x_wconf 81' lang='lat' dir='ltr'><strong>peccato</strong></span> 
     </span>
     <span class='ocr_line' id='line_1_24' title="bbox 69 1523 1202 1562; baseline 0.002 -3"><span class='ocrx_word' id='word_1_190' title='bbox 69 1524 387 1559; x_wconf 67' lang='lat' dir='ltr'><strong>fuisse‘conclusos.</strong></span> <span class='ocrx_word' id='word_1_191' title='bbox 436 1524 506 1557; x_wconf 88' lang='lat' dir='ltr'><strong>Sed</strong></span> <span class='ocrx_word' id='word_1_192' title='bbox 536 1537 606 1557; x_wconf 89' lang='lat' dir='ltr'><strong>non</strong></span> <span class='ocrx_word' id='word_1_193' title='bbox 639 1523 676 1556; x_wconf 84' lang='lat' dir='ltr'><strong>in</strong></span> <span class='ocrx_word' id='word_1_194' title='bbox 708 1523 758 1557; x_wconf 85' lang='lat' dir='ltr'><strong>his</strong></span> <span class='ocrx_word' id='word_1_195' title='bbox 788 1537 904 1557; x_wconf 88' lang='lat' dir='ltr'><strong>rerum</strong></span> <span class='ocrx_word' id='word_1_196' title='bbox 935 1524 1038 1558; x_wconf 78' lang='lat' dir='ltr'><strong>exitus</strong></span> <span class='ocrx_word' id='word_1_197' title='bbox 1072 1527 1202 1562; x_wconf 82' lang='lat' dir='ltr'><strong>mansit.</strong></span> 
     </span>
     <span class='ocr_line' id='line_1_25' title="bbox 70 1585 1203 1630; baseline 0.001 -10"><span class='ocrx_word' id='word_1_198' title='bbox 70 1586 261 1620; x_wconf 85' lang='lat' dir='ltr'><strong>Adveniens</strong></span> <span class='ocrx_word' id='word_1_199' title='bbox 286 1585 374 1618; x_wconf 86' lang='lat' dir='ltr'><strong>enim</strong></span> <span class='ocrx_word' id='word_1_200' title='bbox 395 1585 509 1618; x_wconf 88' lang='lat' dir='ltr'><strong>David</strong></span> <span class='ocrx_word' id='word_1_201' title='bbox 532 1585 612 1618; x_wconf 88' lang='lat' dir='ltr'><strong>audi</strong></span> <span class='ocrx_word' id='word_1_202' title='bbox 637 1585 720 1630; x_wconf 86' lang='lat' dir='ltr'><strong>quid</strong></span> <span class='ocrx_word' id='word_1_203' title='bbox 753 1586 864 1619; x_wconf 85' lang='lat' dir='ltr'><strong>faciat.</strong></span> <span class='ocrx_word' id='word_1_204' title='bbox 910 1587 954 1619; x_wconf 86' lang='lat' dir='ltr'><strong>Et</strong></span> <span class='ocrx_word' id='word_1_205' title='bbox 977 1587 1119 1628; x_wconf 83' lang='lat' dir='ltr'><strong>invenit,</strong></span> <span class='ocrx_word' id='word_1_206' title='bbox 1151 1590 1203 1622; x_wconf 87' lang='lat' dir='ltr'><strong>in-</strong></span> 
     </span>
     <span class='ocr_line' id='line_1_26' title="bbox 72 1647 1202 1694; baseline 0.001 -13"><span class='ocrx_word' id='word_1_207' title='bbox 72 1649 156 1694; x_wconf 84' lang='lat' dir='ltr'><strong>quit,</strong></span> <span class='ocrx_word' id='word_1_208' title='bbox 179 1648 294 1681; x_wconf 86' lang='lat' dir='ltr'><strong>David</strong></span> <span class='ocrx_word' id='word_1_209' title='bbox 319 1647 484 1692; x_wconf 83' lang='lat' dir='ltr'><strong>dispersos</strong></span> <span class='ocrx_word' id='word_1_210' title='bbox 507 1647 732 1680; x_wconf 81' lang='lat' dir='ltr'><strong>Amalechitas</strong></span> <span class='ocrx_word' id='word_1_211' title='bbox 756 1649 1067 1690; x_wconf 80' lang='lat' dir='ltr'><strong>„manducantes⁵)</strong></span> <span class='ocrx_word' id='word_1_212' title='bbox 1095 1658 1127 1681; x_wconf 88' lang='lat' dir='ltr'><strong>et</strong></span> <span class='ocrx_word' id='word_1_213' title='bbox 1149 1649 1202 1682; x_wconf 85' lang='lat' dir='ltr'><strong>bi-</strong></span> 
     </span>
     <span class='ocr_line' id='line_1_27' title="bbox 72 1709 1204 1754; baseline 0.001 -12"><span class='ocrx_word' id='word_1_214' title='bbox 72 1710 208 1749; x_wconf 79' lang='lat' dir='ltr'><strong>bentes,</strong></span> <span class='ocrx_word' id='word_1_215' title='bbox 241 1718 274 1742; x_wconf 83' lang='lat' dir='ltr'><strong>et</strong></span> <span class='ocrx_word' id='word_1_216' title='bbox 297 1710 496 1743; x_wconf 86' lang='lat' dir='ltr'><strong>exsultantes</strong></span> <span class='ocrx_word' id='word_1_217' title='bbox 520 1721 586 1753; x_wconf 81' lang='lat' dir='ltr'><strong>pro</strong></span> <span class='ocrx_word' id='word_1_218' title='bbox 608 1709 754 1752; x_wconf 83' lang='lat' dir='ltr'><strong>praeda,</strong></span> <span class='ocrx_word' id='word_1_219' title='bbox 787 1723 887 1754; x_wconf 80' lang='lat' dir='ltr'><strong>quarn</strong></span> <span class='ocrx_word' id='word_1_220' title='bbox 913 1711 1138 1743; x_wconf 79' lang='lat' dir='ltr'><strong>abstulerant:</strong></span> <span class='ocrx_word' id='word_1_221' title='bbox 1172 1721 1204 1743; x_wconf 78' lang='lat' dir='ltr'><strong>et</strong></span> 
     </span>
     <span class='ocr_line' id='line_1_28' title="bbox 74 1769 1201 1817; baseline 0 -12"><span class='ocrx_word' id='word_1_222' title='bbox 74 1771 210 1811; x_wconf 87' lang='lat' dir='ltr'><strong>cecidit,</strong></span> <span class='ocrx_word' id='word_1_223' title='bbox 240 1770 368 1814; x_wconf 83' lang='lat' dir='ltr'><strong>inquit,</strong></span> <span class='ocrx_word' id='word_1_224' title='bbox 399 1783 457 1803; x_wconf 89' lang='lat' dir='ltr'><strong>eos</strong></span> <span class='ocrx_word' id='word_1_225' title='bbox 481 1783 500 1803; x_wconf 80' lang='lat' dir='ltr'><strong>a</strong></span> <span class='ocrx_word' id='word_1_226' title='bbox 523 1769 633 1814; x_wconf 84' lang='lat' dir='ltr'><strong>prima</strong></span> <span class='ocrx_word' id='word_1_227' title='bbox 657 1780 758 1803; x_wconf 85' lang='lat' dir='ltr'><strong>nocte</strong></span> <span class='ocrx_word' id='word_1_228' title='bbox 781 1785 887 1816; x_wconf 82' lang='lat' dir='ltr'><strong>usque</strong></span> <span class='ocrx_word' id='word_1_229' title='bbox 912 1770 1004 1814; x_wconf 64' lang='lat' dir='ltr'><strong>adfi)</strong></span> <span class='ocrx_word' id='word_1_230' title='bbox 1028 1785 1201 1817; x_wconf 84' lang='lat' dir='ltr'><strong>vesperam</strong></span> 
     </span>
     <span class='ocr_line' id='line_1_29' title="bbox 73 1831 1200 1876; baseline 0.002 -10"><span class='ocrx_word' id='word_1_231' title='bbox 73 1832 108 1866; x_wconf 91' lang='lat' dir='ltr'><strong>in</strong></span> <span class='ocrx_word' id='word_1_232' title='bbox 133 1833 344 1866; x_wconf 88' lang='lat' dir='ltr'><strong>crastinum.“</strong></span> <span class='ocrx_word' id='word_1_233' title='bbox 391 1831 435 1864; x_wconf 90' lang='lat' dir='ltr'><strong>Et</strong></span> <span class='ocrx_word' id='word_1_234' title='bbox 456 1840 532 1876; x_wconf 84' lang='lat' dir='ltr'><strong>post</strong></span> <span class='ocrx_word' id='word_1_235' title='bbox 557 1831 644 1865; x_wconf 75' lang='lat' dir='ltr'><strong>lianc</strong></span> <span class='ocrx_word' id='word_1_236' title='bbox 671 1832 808 1865; x_wconf 82' lang='lat' dir='ltr'><strong>caedem</strong></span> <span class='ocrx_word' id='word_1_237' title='bbox 834 1833 1121 1867; x_wconf 82' lang='lat' dir='ltr'><strong>Amalechitarum</strong></span> <span class='ocrx_word' id='word_1_238' title='bbox 1148 1849 1200 1868; x_wconf 81' lang='lat' dir='ltr'><strong>re-</strong></span> 
     </span>
    </p>
   </div>
   <div class='ocr_carea' id='block_1_3' title="bbox 73 1893 542 1938">
    <p class='ocr_par' dir='ltr' id='par_1_3' title="bbox 73 1893 542 1938">
     <span class='ocr_line' id='line_1_30' title="bbox 73 1893 542 1938; baseline -0.009 -10"><span class='ocrx_word' id='word_1_239' title='bbox 73 1906 201 1937; x_wconf 84' lang='lat' dir='ltr'><strong>gressus</strong></span> <span class='ocrx_word' id='word_1_240' title='bbox 225 1893 370 1938; x_wconf 85' lang='lat' dir='ltr'><strong>suscepit</strong></span> <span class='ocrx_word' id='word_1_241' title='bbox 393 1905 542 1935; x_wconf 78' lang='lat' dir='ltr'><strong>regnum.</strong></span> 
     </span>
    </p>
   </div>
   <div class='ocr_carea' id='block_1_4' title="bbox 76 1965 226 1970">
    <p class='ocr_par' dir='ltr' id='par_1_4' title="bbox 76 1965 226 1970">
     <span class='ocr_line' id='line_1_31' title="bbox 76 1965 226 1970; baseline 0 0"><span class='ocrx_word' id='word_1_242' title='bbox 76 1965 226 1970; x_wconf 95' lang='lat' dir='ltr'><strong> </strong></span> 
     </span>
    </p>
   </div>
   <div class='ocr_carea' id='block_1_5' title="bbox 233 1964 339 1967">
    <p class='ocr_par' dir='ltr' id='par_1_5' title="bbox 233 1964 339 1967">
     <span class='ocr_line' id='line_1_32' title="bbox 233 1964 339 1967; baseline 0 0"><span class='ocrx_word' id='word_1_243' title='bbox 233 1964 339 1967; x_wconf 95' lang='lat' dir='ltr'><strong> </strong></span> 
     </span>
    </p>
   </div>
   <div class='ocr_carea' id='block_1_6' title="bbox 169 1993 1204 2317">
    <p class='ocr_par' dir='ltr' id='par_1_6' title="bbox 170 1993 781 2039">
     <span class='ocr_line' id='line_1_33' title="bbox 170 1993 781 2039; baseline -0.003 -11"><span class='ocrx_word' id='word_1_244' title='bbox 170 1995 212 2039; x_wconf 75' lang='lat'><strong>¹)</strong></span> <span class='ocrx_word' id='word_1_245' title='bbox 230 1994 296 2027; x_wconf 87' lang='lat' dir='ltr'><strong>Ed.</strong></span> <span class='ocrx_word' id='word_1_246' title='bbox 320 1993 429 2026; x_wconf 76' lang='lat' dir='ltr'><strong>Ruaei</strong></span> <span class='ocrx_word' id='word_1_247' title='bbox 456 1994 545 2026; x_wconf 85' lang='lat' dir='ltr'><strong>sola:</strong></span> <span class='ocrx_word' id='word_1_248' title='bbox 569 1994 781 2026; x_wconf 87' lang='lat' dir='ltr'><strong>tentandum.</strong></span> 
     </span>
    </p>

    <p class='ocr_par' dir='ltr' id='par_1_7' title="bbox 173 2049 719 2093">
     <span class='ocr_line' id='line_1_34' title="bbox 173 2049 719 2093; baseline -0.004 -10"><span class='ocrx_word' id='word_1_249' title='bbox 173 2050 209 2091; x_wconf 64' lang='lat'><strong>²)</strong></span> <span class='ocrx_word' id='word_1_250' title='bbox 233 2049 298 2083; x_wconf 82' lang='lat' dir='ltr'><strong>Ed.</strong></span> <span class='ocrx_word' id='word_1_251' title='bbox 323 2049 430 2081; x_wconf 84' lang='lat' dir='ltr'><strong>Ruaei</strong></span> <span class='ocrx_word' id='word_1_252' title='bbox 455 2050 542 2082; x_wconf 85' lang='lat' dir='ltr'><strong>sola:</strong></span> <span class='ocrx_word' id='word_1_253' title='bbox 568 2051 719 2093; x_wconf 87' lang='lat' dir='ltr'><strong>propria.</strong></span> 
     </span>
    </p>

    <p class='ocr_par' dir='ltr' id='par_1_8' title="bbox 170 2104 1204 2206">
     <span class='ocr_line' id='line_1_35' title="bbox 174 2104 1204 2150; baseline 0 -13"><span class='ocrx_word' id='word_1_254' title='bbox 174 2107 209 2149; x_wconf 85' lang='lat'><strong>3)</strong></span> <span class='ocrx_word' id='word_1_255' title='bbox 236 2106 266 2136; x_wconf 90' lang='lat' dir='ltr'><strong>ll</strong></span> <span class='ocrx_word' id='word_1_256' title='bbox 286 2105 376 2138; x_wconf 87' lang='lat' dir='ltr'><strong>Sam.</strong></span> <span class='ocrx_word' id='word_1_257' title='bbox 389 2104 414 2144; x_wconf 88' lang='lat' dir='ltr'><strong>l,</strong></span> <span class='ocrx_word' id='word_1_258' title='bbox 431 2107 461 2140; x_wconf 82' lang='grc'><strong>1.</strong></span> <span class='ocrx_word' id='word_1_259' title='bbox 477 2106 554 2138; x_wconf 82' lang='lat' dir='ltr'><strong>coll.</strong></span> <span class='ocrx_word' id='word_1_260' title='bbox 569 2105 675 2137; x_wconf 90' lang='lat' dir='ltr'>LXX.</span> <span class='ocrx_word' id='word_1_261' title='bbox 699 2105 852 2138; x_wconf 84' lang='lat' dir='ltr'><strong>virorum</strong></span> <span class='ocrx_word' id='word_1_262' title='bbox 865 2105 1025 2139; x_wconf 86' lang='lat' dir='ltr'><strong>versione.</strong></span> <span class='ocrx_word' id='word_1_263' title='bbox 1041 2105 1204 2150; x_wconf 72' lang='lat' dir='ltr'><strong>(1l&#39;1cgg.)</strong></span> 
     </span>
     <span class='ocr_line' id='line_1_36' title="bbox 170 2160 758 2206; baseline 0 -13"><span class='ocrx_word' id='word_1_264' title='bbox 170 2160 206 2204; x_wconf 66' lang='grc'><strong>4)</strong></span> <span class='ocrx_word' id='word_1_265' title='bbox 231 2161 245 2193; x_wconf 94' lang='lat' dir='ltr'>I</span> <span class='ocrx_word' id='word_1_266' title='bbox 270 2161 362 2195; x_wconf 86' lang='lat' dir='ltr'><strong>Sam.</strong></span> <span class='ocrx_word' id='word_1_267' title='bbox 387 2161 500 2201; x_wconf 88' lang='lat' dir='ltr'><strong>XXX,</strong></span> <span class='ocrx_word' id='word_1_268' title='bbox 523 2162 554 2195; x_wconf 83' lang='lat'><strong>5.</strong></span> <span class='ocrx_word' id='word_1_269' title='bbox 579 2161 614 2206; x_wconf 80' lang='lat' dir='ltr'><strong>(l</strong></span> <span class='ocrx_word' id='word_1_270' title='bbox 639 2161 758 2205; x_wconf 78' lang='lat' dir='ltr'>chg.)</span> 
     </span>
    </p>

    <p class='ocr_par' dir='ltr' id='par_1_9' title="bbox 172 2215 867 2262">
     <span class='ocr_line' id='line_1_37' title="bbox 172 2215 867 2262; baseline 0.001 -13"><span class='ocrx_word' id='word_1_271' title='bbox 172 2217 209 2261; x_wconf 84' lang='lat'><strong>⁵)</strong></span> <span class='ocrx_word' id='word_1_272' title='bbox 232 2217 245 2249; x_wconf 95' lang='lat' dir='ltr'>I</span> <span class='ocrx_word' id='word_1_273' title='bbox 273 2218 366 2252; x_wconf 85' lang='lat' dir='ltr'><strong>Sam.</strong></span> <span class='ocrx_word' id='word_1_274' title='bbox 390 2215 504 2258; x_wconf 88' lang='lat' dir='ltr'><strong>XXX,</strong></span> <span class='ocrx_word' id='word_1_275' title='bbox 529 2216 582 2250; x_wconf 87' lang='grc'><strong>16.</strong></span> <span class='ocrx_word' id='word_1_276' title='bbox 608 2217 662 2253; x_wconf 85' lang='grc'><strong>17.</strong></span> <span class='ocrx_word' id='word_1_277' title='bbox 688 2218 722 2262; x_wconf 82' lang='grc' dir='ltr'><strong>(Ι</strong></span> <span class='ocrx_word' id='word_1_278' title='bbox 746 2217 867 2261; x_wconf 79' lang='lat' dir='ltr'><strong>chg.)</strong></span> 
     </span>
    </p>

    <p class='ocr_par' dir='ltr' id='par_1_10' title="bbox 169 2272 678 2317">
     <span class='ocr_line' id='line_1_38' title="bbox 169 2272 678 2317; baseline 0.004 -12"><span class='ocrx_word' id='word_1_279' title='bbox 169 2273 205 2317; x_wconf 64' lang='grc'><strong>8)</strong></span> <span class='ocrx_word' id='word_1_280' title='bbox 229 2273 334 2307; x_wconf 84' lang='lat' dir='ltr'><strong>Deest</strong></span> <span class='ocrx_word' id='word_1_281' title='bbox 357 2274 442 2314; x_wconf 82' lang='lat' dir='ltr'><strong>‚,ad“</strong></span> <span class='ocrx_word' id='word_1_282' title='bbox 466 2272 500 2306; x_wconf 89' lang='lat' dir='ltr'><strong>in</strong></span> <span class='ocrx_word' id='word_1_283' title='bbox 527 2274 604 2307; x_wconf 87' lang='lat' dir='ltr'><strong>edd.</strong></span> <span class='ocrx_word' id='word_1_284' title='bbox 627 2274 678 2307; x_wconf 86' lang='lat' dir='ltr'><strong>M.</strong></span> 
     </span>
    </p>
   </div>
  </div>
 </body>
</html>
