1427 2460
390 52 428 75 m
451 42 628 75 Nummos
651 38 812 73 Hommi
828 40 888 72 XI.
1136 41 1204 77 119

70 130 122 163 vel
146 130 342 169 idumaeus,
378 143 440 162 nec
475 129 590 162 fecerit
622 129 711 162 filios
742 128 872 174 primae
905 138 936 161 et
967 130 1137 162 secundae
1169 140 1201 163 et.

70 192 187 224 tertiae
208 190 442 234 generationis,
464 204 537 224 non
562 200 673 234 potest
696 190 838 224 introire
863 190 898 223 in
924 189 1097 223 ecclesiam
1123 190 1198 223 Do-

67 252 162 292 mini,
183 254 241 286 sed
265 251 416 285 filiorum
440 252 608 293 generatio
634 252 713 285 facit
737 266 794 285 eos
807 251 949 284 introire
964 251 999 284 in
1024 251 1198 285 ecclesiam

67 314 221 347 Domini.
267 313 432 346 Observet
455 313 655 356 diligentius,
679 315 738 358 qui
760 314 840 355 legit
863 314 972 347 literas
1004 313 1142 355 divinas,
1168 324 1199 347 et

64 388 147 415 non,
169 384 207 407 ut
229 374 321 413 libet,
345 375 539 419 Scripturae
569 377 671 408 verba
694 384 921 420 pertranseat:
953 375 1012 407 sed
1038 374 1199 419 adspiciat

64 437 105 468 ad
130 449 411 481 unumquemque
426 449 630 477 sermonem,
655 438 834 482 quomodo
851 449 923 468 non
949 436 1049 468 dixit:
1075 436 1101 469 si
1124 437 1196 470 nati

61 497 187 529 fuerint
209 497 248 530 iis
272 497 334 531 filii
361 498 413 530 vel
436 499 543 532 filiae:
566 500 642 532 sed:
675 498 806 542 ,‚filii¹)
833 497 861 530 si
885 499 954 531 nati
988 497 1116 530 fuerint
1144 498 1194 538 iis,

60 557 156 590 tertia
188 559 404 599 generatione
434 559 626 593 introibunt
655 561 691 593 in
723 558 895 593 ecclesiam
920 558 1094 592 Domini.“
1148 560 1194 592 Et

60 618 247 659 considera,
269 619 297 652 si
319 630 426 664 potes,
449 623 636 655 secundum
660 620 839 668 mysticum
861 633 1014 659 sensum,
1046 634 1107 653 cur
1129 621 1193 654 soli

59 678 121 712 filii
144 679 220 719 sint,
243 694 317 713 non
342 683 441 715 etiam
460 682 573 722 filiae,
608 682 666 728 qui
701 682 829 715 faciunt
858 680 1000 714 introire
1023 691 1135 725 patres
1157 682 1192 715 in

59 741 231 774 ecclesiam
257 742 410 776 Domini.
456 743 616 788 Denique
647 743 798 776 invenies
824 743 924 776 etiam
949 752 1093 782 sanctos,
1117 742 1193 787 qui—

54 802 118 835 bus
143 801 300 836 eximium
326 817 343 837 a
368 804 446 837 Deo
471 805 701 839 testimonium
718 807 828 844 datur,
853 804 992 836 difficile
1014 804 1110 844 filias,
1132 806 1192 838 sed

55 863 143 896 filios
167 865 328 905 genuisse.
364 867 539 899 Abraham
564 881 635 900 non
660 866 775 908 genuit
797 865 893 906 filias,
918 865 1009 899 Isaac
1032 879 1095 898 nec
1118 865 1190 911 ipse

53 924 204 969 quidem,
227 927 319 959 solus
342 927 454 961 Jacob
478 942 582 961 unam
606 927 738 971 genuit,
772 937 805 960 et
835 927 942 972 ipsam
966 927 1126 960 fratribus
1151 941 1190 960 ac

53 988 251 1030 parentibus
282 1001 428 1030 gravem.
485 988 726 1022 Contaminata
759 989 851 1022 enim
883 990 925 1021 ab
958 989 1085 1030 Emor,
1116 989 1188 1021 filio

54 1047 199 1088 Sichem,
224 1049 453 1094 opprobrium
476 1051 608 1093 generi,
645 1060 677 1083 et
707 1050 874 1083 vindictae
897 1051 1051 1082 furorem
1074 1049 1185 1082 fratri-

52 1110 116 1142 bus
141 1110 301 1143 excitavit.
350 1112 420 1144 Sed
445 1121 477 1144 et
499 1121 550 1144 ter
573 1111 608 1144 in
634 1124 724 1144 anno
757 1124 922 1155 apparere
947 1111 1104 1144 Domino
1129 1110 1182 1156 ju-

51 1171 152 1203 betur
176 1184 278 1203 omne
300 1173 537 1208 masculinum.
590 1172 732 1205 Femina
764 1173 807 1204 ad
839 1174 1075 1216 apparendum
1108 1172 1183 1204 Do-

50 1231 146 1264 mino
171 1237 243 1264 non
267 1243 415 1266 vocatur.
451 1234 508 1267 Sic
521 1246 600 1274 ergo
625 1234 652 1267 si
676 1233 749 1278 quis
765 1233 938 1277 scripturis
963 1233 1081 1266 divinis
1106 1233 1182 1266 dili*

48 1301 164 1333 genter
184 1293 347 1333 intendat,
370 1293 517 1326 inveniet
540 1307 612 1326 non
639 1294 755 1337 esse2)
787 1293 950 1334 otiosum,
983 1296 1077 1338 quod
1102 1295 1182 1327 alibi

48 1353 186 1397 quidem
210 1354 366 1387 nominat
390 1368 468 1388 cum
492 1355 569 1388 filiis
595 1356 693 1388 etiam
719 1355 821 1394 filias,
852 1354 933 1387 alibi
958 1364 1070 1388 autem
1095 1356 1181 1388 filia-

46 1428 123 1447 rum
145 1428 216 1448 non
241 1417 321 1450 facit
341 1417 562 1451 mentionem.
616 1418 661 1450 Et
690 1416 745 1449 hic
770 1430 848 1459 ergo
873 1415 1059 1461 primitiae,
1094 1430 1181 1462 quae

47 1478 250 1520 offeruntur,
275 1491 293 1511 a
316 1479 530 1512 sanctificatis
555 1479 630 1512 filiis
654 1479 767 1519 Israel,
791 1492 860 1511 non
876 1477 975 1511 etiam
1002 1492 1020 1511 a
1043 1478 1178 1511 filiabus

43 1537 207 1584 jubentur
231 1539 364 1573 offerri:
391 1553 478 1585 quae
493 1537 615 1574 *tamen
639 1542 826 1573 secundum
845 1539 1054 1584 spiritualem
1078 1539 1178 1572 intel-

43 1600 188 1640 lectum,
219 1614 293 1634 non
316 1602 360 1634 ad
383 1615 488 1643 sexus,
511 1604 569 1636 sed
594 1603 686 1646 ³11³)
711 1601 903 1634 animarum
935 1601 1175 1634 discretionem

0 1682 1 1691 η
42 1663 220 1695 reserenda
244 1673 331 1696 sunt.
378 1663 529 1708 ,‚Tibi⁴)
554 1666 662 1703 enim,
684 1663 811 1707 inquit,
836 1663 914 1695 dedi
939 1675 977 1695 ea
1000 1663 1036 1694 in
1061 1662 1174 1694 hono-

40 1735 133 1763 rem,
166 1732 198 1755 et
227 1723 304 1757 filiis
327 1725 391 1758 tuis
413 1735 492 1770 post
521 1735 554 1758 te
577 1725 764 1766 legitimum
791 1728 998 1757 aeternum.“
1042 1722 1175 1763 ‚,Tibi,“

37 1784 159 1829 inquit.
207 1785 296 1818 Cui?
318 1788 436 1819 Aaron
459 1788 530 1820 sine
553 1787 661 1820 dubio
686 1786 918 1830 respondebis.
965 1786 1036 1818 Sed
1060 1797 1173 1818 sermo

40 1846 99 1891 qui
122 1847 283 1891 sequitur,
305 1848 409 1889 magis
433 1849 476 1881 de
499 1862 578 1881 vero
603 1850 765 1893 pontifice
782 1847 929 1887 Christo,
953 1857 985 1880 et
1000 1846 1077 1879 filiis
1099 1845 1171 1891 ejus

38 1909 222 1953 Apostolis,
246 1918 277 1941 et
301 1909 503 1943 doctoribus
527 1910 743 1944 ecclesiarum
767 1909 886 1943 suadet
906 1906 1054 1949 intelligi.
1113 1906 1170 1940 Ait

132 2054 166 2097 ¹)
191 2054 293 2087 Deut.
317 2055 446 2096 XXIII,
470 2055 501 2089 8,

128 2111 165 2151 ²)
190 2110 410 2143 Desidet-atur
433 2116 543 2151 ‚,esse“
567 2111 602 2143 iu
625 2113 696 2144 sola
723 2113 773 2144 ed.
800 2111 837 2144 R.

130 2165 167 2208 ³)
190 2167 294 2199 Deest
317 2168 404 2207 ‚,ad“
426 2167 462 2199 in
486 2168 555 2200 sola
582 2168 633 2200 ed.
663 2167 700 2199 R*

131 2210 166 2262 ⁴²>
192 2222 295 2255 Num.
320 2222 444 2264 xvffl,
468 2223 499 2258 8.

334 2275 347 2305 Ι
