<?xml version="1.0" encoding="UTF-8"?>
<!DOCTYPE html PUBLIC "-//W3C//DTD XHTML 1.0 Transitional//EN"
    "http://www.w3.org/TR/xhtml1/DTD/xhtml1-transitional.dtd">
<html xmlns="http://www.w3.org/1999/xhtml" xml:lang="en" lang="en">
 <head>
  <title>
</title>
<meta http-equiv="Content-Type" content="text/html;charset=utf-8" />
  <meta name='ocr-system' content='tesseract 3.04.00' />
  <meta name='ocr-capabilities' content='ocr_page ocr_carea ocr_par ocr_line ocrx_word'/>
</head>
<body>
  <div class='ocr_page' id='page_1' title='image "./operaomniaquaegr10orig_0083.png"; bbox 0 0 1427 2460; ppageno 0'>
   <div class='ocr_carea' id='block_1_1' title="bbox 362 85 1186 122">
    <p class='ocr_par' dir='ltr' id='par_1_1' title="bbox 362 85 1186 122">
     <span class='ocr_line' id='line_1_1' title="bbox 362 85 1186 122; baseline -0.007 0"><span class='ocrx_word' id='word_1_1' title='bbox 362 98 402 122; x_wconf 76' lang='lat' dir='ltr'>m</span> <span class='ocrx_word' id='word_1_2' title='bbox 423 87 602 121; x_wconf 71' lang='lat' dir='ltr'>Nummos</span> <span class='ocrx_word' id='word_1_3' title='bbox 625 85 786 121; x_wconf 69' lang='lat' dir='ltr'>Honmm</span> <span class='ocrx_word' id='word_1_4' title='bbox 803 85 877 120; x_wconf 89' lang='lat' dir='ltr'>VlI.</span> <span class='ocrx_word' id='word_1_5' title='bbox 1142 86 1186 121; x_wconf 83' lang='lat'>61</span> 
     </span>
    </p>
   </div>
   <div class='ocr_carea' id='block_1_2' title="bbox 52 174 1194 1885">
    <p class='ocr_par' dir='ltr' id='par_1_2' title="bbox 52 174 1193 1319">
     <span class='ocr_line' id='line_1_2' title="bbox 54 174 1189 222; baseline -0.007 -7"><span class='ocrx_word' id='word_1_6' title='bbox 54 181 116 215; x_wconf 81' lang='lat' dir='ltr'>ista</span> <span class='ocrx_word' id='word_1_7' title='bbox 138 177 327 214; x_wconf 77' lang='lat' dir='ltr'>laudabilis.</span> <span class='ocrx_word' id='word_1_8' title='bbox 372 178 459 210; x_wconf 83' lang='lat' dir='ltr'>Nam</span> <span class='ocrx_word' id='word_1_9' title='bbox 483 190 548 222; x_wconf 88' lang='lat' dir='ltr'>pro</span> <span class='ocrx_word' id='word_1_10' title='bbox 573 185 685 210; x_wconf 86' lang='lat' dir='ltr'>morte</span> <span class='ocrx_word' id='word_1_11' title='bbox 709 177 772 209; x_wconf 83' lang='lat' dir='ltr'>hac</span> <span class='ocrx_word' id='word_1_12' title='bbox 795 174 982 216; x_wconf 71' lang='lat' dir='ltr'>communi,</span> <span class='ocrx_word' id='word_1_13' title='bbox 1006 187 1091 220; x_wconf 84' lang='lat' dir='ltr'>quae</span> <span class='ocrx_word' id='word_1_14' title='bbox 1114 175 1189 218; x_wconf 85' lang='lat' dir='ltr'>lege</span> 
     </span>
     <span class='ocr_line' id='line_1_3' title="bbox 53 237 1190 284; baseline -0.006 -8"><span class='ocrx_word' id='word_1_15' title='bbox 53 252 194 275; x_wconf 81' lang='lat' dir='ltr'>naturae</span> <span class='ocrx_word' id='word_1_16' title='bbox 217 239 399 284; x_wconf 82' lang='lat' dir='ltr'>unicuique</span> <span class='ocrx_word' id='word_1_17' title='bbox 422 239 528 279; x_wconf 82' lang='lat' dir='ltr'>venit,</span> <span class='ocrx_word' id='word_1_18' title='bbox 557 251 660 271; x_wconf 89' lang='lat' dir='ltr'>nemo</span> <span class='ocrx_word' id='word_1_19' title='bbox 685 238 854 271; x_wconf 82' lang='lat' dir='ltr'>laudatur.</span> <span class='ocrx_word' id='word_1_20' title='bbox 908 238 1001 270; x_wconf 87' lang='lat' dir='ltr'>Haec</span> <span class='ocrx_word' id='word_1_21' title='bbox 1024 237 1104 270; x_wconf 88' lang='lat' dir='ltr'>licet</span> <span class='ocrx_word' id='word_1_22' title='bbox 1125 250 1190 282; x_wconf 84' lang='lat' dir='ltr'>per</span> 
     </span>
     <span class='ocr_line' id='line_1_4' title="bbox 55 294 1189 344; baseline -0.005 -7"><span class='ocrx_word' id='word_1_23' title='bbox 55 294 233 342; x_wconf 78' lang='lat' dir='ltr'>excessum,</span> <span class='ocrx_word' id='word_1_24' title='bbox 257 300 520 334; x_wconf 81' lang='lat' dir='ltr'>commemorari</span> <span class='ocrx_word' id='word_1_25' title='bbox 550 309 663 333; x_wconf 80' lang='lat' dir='ltr'>tamen</span> <span class='ocrx_word' id='word_1_26' title='bbox 698 299 850 344; x_wconf 85' lang='lat' dir='ltr'>oportuit</span> <span class='ocrx_word' id='word_1_27' title='bbox 872 298 907 331; x_wconf 83' lang='lat' dir='ltr'>in</span> <span class='ocrx_word' id='word_1_28' title='bbox 933 312 973 332; x_wconf 89' lang='lat' dir='ltr'>eo</span> <span class='ocrx_word' id='word_1_29' title='bbox 997 300 1097 341; x_wconf 89' lang='lat' dir='ltr'>loco,</span> <span class='ocrx_word' id='word_1_30' title='bbox 1126 298 1189 331; x_wconf 81' lang='lat' dir='ltr'>ubi</span> 
     </span>
     <span class='ocr_line' id='line_1_5' title="bbox 54 360 1190 406; baseline -0.004 -8"><span class='ocrx_word' id='word_1_31' title='bbox 54 377 164 399; x_wconf 89' lang='lat' dir='ltr'>sermo</span> <span class='ocrx_word' id='word_1_32' title='bbox 189 363 256 396; x_wconf 85' lang='lat' dir='ltr'>Dei</span> <span class='ocrx_word' id='word_1_33' title='bbox 279 362 423 395; x_wconf 84' lang='lat' dir='ltr'>Mariam</span> <span class='ocrx_word' id='word_1_34' title='bbox 448 375 512 406; x_wconf 91' lang='lat' dir='ltr'>pro</span> <span class='ocrx_word' id='word_1_35' title='bbox 538 363 638 406; x_wconf 74' lang='lat' dir='ltr'>culpa</span> <span class='ocrx_word' id='word_1_36' title='bbox 659 360 921 400; x_wconf 67' lang='lat' dir='ltr'>obtrectationis,</span> <span class='ocrx_word' id='word_1_37' title='bbox 946 369 978 393; x_wconf 91' lang='lat' dir='ltr'>et</span> <span class='ocrx_word' id='word_1_38' title='bbox 1000 374 1064 405; x_wconf 93' lang='lat' dir='ltr'>pro</span> <span class='ocrx_word' id='word_1_39' title='bbox 1089 361 1190 405; x_wconf 80' lang='lat' dir='ltr'>plaga</span> 
     </span>
     <span class='ocr_line' id='line_1_6' title="bbox 55 421 1190 469; baseline -0.004 -10"><span class='ocrx_word' id='word_1_40' title='bbox 55 423 278 469; x_wconf 67' lang='lat' dir='ltr'>correptionis</span> <span class='ocrx_word' id='word_1_41' title='bbox 302 425 461 456; x_wconf 80' lang='lat' dir='ltr'>aborsum</span> <span class='ocrx_word' id='word_1_42' title='bbox 488 422 569 455; x_wconf 83' lang='lat' dir='ltr'>dicit</span> <span class='ocrx_word' id='word_1_43' title='bbox 585 424 750 462; x_wconf 74' lang='lat' dir='ltr'>effectam,</span> <span class='ocrx_word' id='word_1_44' title='bbox 774 431 811 454; x_wconf 88' lang='lat' dir='ltr'>ut</span> <span class='ocrx_word' id='word_1_45' title='bbox 834 421 1190 466; x_wconf 80' lang='lat' dir='ltr'>ostenderemus,quia</span> 
     </span>
     <span class='ocr_line' id='line_1_7' title="bbox 54 482 1190 530; baseline -0.004 -11"><span class='ocrx_word' id='word_1_46' title='bbox 54 495 102 519; x_wconf 89' lang='lat' dir='ltr'>est</span> <span class='ocrx_word' id='word_1_47' title='bbox 126 495 159 519; x_wconf 89' lang='lat' dir='ltr'>et</span> <span class='ocrx_word' id='word_1_48' title='bbox 182 485 427 530; x_wconf 77' lang='lat' dir='ltr'>vituperabilis,</span> <span class='ocrx_word' id='word_1_49' title='bbox 460 493 508 518; x_wconf 87' lang='lat' dir='ltr'>est</span> <span class='ocrx_word' id='word_1_50' title='bbox 540 494 571 517; x_wconf 89' lang='lat' dir='ltr'>et</span> <span class='ocrx_word' id='word_1_51' title='bbox 604 483 785 517; x_wconf 83' lang='lat' dir='ltr'>laudabilis</span> <span class='ocrx_word' id='word_1_52' title='bbox 822 485 972 516; x_wconf 86' lang='lat' dir='ltr'>aborsus.</span> <span class='ocrx_word' id='word_1_53' title='bbox 1028 482 1190 527; x_wconf 81' lang='lat' dir='ltr'>Denique</span> 
     </span>
     <span class='ocr_line' id='line_1_8' title="bbox 54 544 1190 592; baseline -0.004 -11"><span class='ocrx_word' id='word_1_54' title='bbox 54 548 154 581; x_wconf 88' lang='lat' dir='ltr'>etiam</span> <span class='ocrx_word' id='word_1_55' title='bbox 178 548 363 592; x_wconf 81' lang='lat' dir='ltr'>Apostolus</span> <span class='ocrx_word' id='word_1_56' title='bbox 395 546 519 587; x_wconf 88' lang='lat' dir='ltr'>sciens,</span> <span class='ocrx_word' id='word_1_57' title='bbox 551 546 585 578; x_wconf 89' lang='lat' dir='ltr'>in</span> <span class='ocrx_word' id='word_1_58' title='bbox 616 546 702 587; x_wconf 89' lang='lat' dir='ltr'>istis,</span> <span class='ocrx_word' id='word_1_59' title='bbox 733 544 866 590; x_wconf 87' lang='lat' dir='ltr'>quos¹)</span> <span class='ocrx_word' id='word_1_60' title='bbox 897 557 999 590; x_wconf 87' lang='lat' dir='ltr'>supra</span> <span class='ocrx_word' id='word_1_61' title='bbox 1034 545 1190 584; x_wconf 81' lang='lat' dir='ltr'>diximus,</span> 
     </span>
     <span class='ocr_line' id='line_1_9' title="bbox 54 605 1190 653; baseline -0.004 -11"><span class='ocrx_word' id='word_1_62' title='bbox 54 608 231 643; x_wconf 79' lang='lat' dir='ltr'>ordinibus</span> <span class='ocrx_word' id='word_1_63' title='bbox 256 621 322 642; x_wconf 89' lang='lat' dir='ltr'>esse</span> <span class='ocrx_word' id='word_1_64' title='bbox 338 608 485 653; x_wconf 80' lang='lat' dir='ltr'>aliquem</span> <span class='ocrx_word' id='word_1_65' title='bbox 508 607 716 641; x_wconf 81' lang='lat' dir='ltr'>laudabilem</span> <span class='ocrx_word' id='word_1_66' title='bbox 739 608 879 640; x_wconf 83' lang='lat' dir='ltr'>aborsus</span> <span class='ocrx_word' id='word_1_67' title='bbox 898 606 1065 646; x_wconf 83' lang='lat' dir='ltr'>ordinem,</span> <span class='ocrx_word' id='word_1_68' title='bbox 1089 605 1190 638; x_wconf 86' lang='lat' dir='ltr'>etiam</span> 
     </span>
     <span class='ocr_line' id='line_1_10' title="bbox 55 668 1190 713; baseline -0.004 -9"><span class='ocrx_word' id='word_1_69' title='bbox 55 672 98 704; x_wconf 87' lang='lat' dir='ltr'>de</span> <span class='ocrx_word' id='word_1_70' title='bbox 119 679 223 704; x_wconf 90' lang='lat' dir='ltr'>semet</span> <span class='ocrx_word' id='word_1_71' title='bbox 257 670 331 713; x_wconf 86' lang='lat' dir='ltr'>ipso</span> <span class='ocrx_word' id='word_1_72' title='bbox 358 670 456 703; x_wconf 90' lang='lat' dir='ltr'>dicit:</span> <span class='ocrx_word' id='word_1_73' title='bbox 485 668 735 712; x_wconf 83' lang='lat' dir='ltr'>,‚novissime²)</span> <span class='ocrx_word' id='word_1_74' title='bbox 766 677 878 701; x_wconf 85' lang='lat' dir='ltr'>autem</span> <span class='ocrx_word' id='word_1_75' title='bbox 911 669 1084 707; x_wconf 88' lang='lat' dir='ltr'>omnium,</span> <span class='ocrx_word' id='word_1_76' title='bbox 1115 677 1190 701; x_wconf 81' lang='lat' dir='ltr'>tan-</span> 
     </span>
     <span class='ocr_line' id='line_1_11' title="bbox 56 729 1191 777; baseline -0.004 -11"><span class='ocrx_word' id='word_1_77' title='bbox 56 745 159 777; x_wconf 86' lang='lat' dir='ltr'>quam</span> <span class='ocrx_word' id='word_1_78' title='bbox 185 731 350 771; x_wconf 83' lang='lat' dir='ltr'>abortivo,</span> <span class='ocrx_word' id='word_1_79' title='bbox 374 731 460 764; x_wconf 80' lang='lat' dir='ltr'>visus</span> <span class='ocrx_word' id='word_1_80' title='bbox 485 740 532 764; x_wconf 92' lang='lat' dir='ltr'>est</span> <span class='ocrx_word' id='word_1_81' title='bbox 556 740 587 763; x_wconf 89' lang='lat' dir='ltr'>et</span> <span class='ocrx_word' id='word_1_82' title='bbox 610 730 692 762; x_wconf 82' lang='lat' dir='ltr'>mihi</span> <span class='ocrx_word' id='word_1_83' title='bbox 702 733 732 763; x_wconf 85' lang='lat'>:“</span> <span class='ocrx_word' id='word_1_84' title='bbox 760 743 863 774; x_wconf 89' lang='lat' dir='ltr'>super</span> <span class='ocrx_word' id='word_1_85' title='bbox 886 729 1032 762; x_wconf 88' lang='lat' dir='ltr'>viventes</span> <span class='ocrx_word' id='word_1_86' title='bbox 1055 741 1091 762; x_wconf 90' lang='lat' dir='ltr'>se</span> <span class='ocrx_word' id='word_1_87' title='bbox 1114 729 1191 773; x_wconf 84' lang='lat' dir='ltr'>qui-</span> 
     </span>
     <span class='ocr_line' id='line_1_12' title="bbox 55 790 1191 837; baseline -0.003 -11"><span class='ocrx_word' id='word_1_88' title='bbox 55 794 133 827; x_wconf 86' lang='lat' dir='ltr'>dem</span> <span class='ocrx_word' id='word_1_89' title='bbox 157 802 189 826; x_wconf 89' lang='lat' dir='ltr'>et</span> <span class='ocrx_word' id='word_1_90' title='bbox 211 805 314 837; x_wconf 88' lang='lat' dir='ltr'>super</span> <span class='ocrx_word' id='word_1_91' title='bbox 335 802 500 832; x_wconf 87' lang='lat' dir='ltr'>mortuos,</span> <span class='ocrx_word' id='word_1_92' title='bbox 522 801 602 836; x_wconf 86' lang='lat' dir='ltr'>post</span> <span class='ocrx_word' id='word_1_93' title='bbox 625 805 683 825; x_wconf 88' lang='lat' dir='ltr'>eos</span> <span class='ocrx_word' id='word_1_94' title='bbox 705 801 836 832; x_wconf 84' lang='lat' dir='ltr'>tamen,</span> <span class='ocrx_word' id='word_1_95' title='bbox 868 791 925 836; x_wconf 87' lang='lat' dir='ltr'>qui</span> <span class='ocrx_word' id='word_1_96' title='bbox 949 791 1096 824; x_wconf 85' lang='lat' dir='ltr'>necdum</span> <span class='ocrx_word' id='word_1_97' title='bbox 1119 790 1191 824; x_wconf 79' lang='lat' dir='ltr'>nati.</span> 
     </span>
     <span class='ocr_line' id='line_1_13' title="bbox 54 851 1191 896; baseline -0.002 -7"><span class='ocrx_word' id='word_1_98' title='bbox 54 864 142 895; x_wconf 87' lang='lat' dir='ltr'>sunt,</span> <span class='ocrx_word' id='word_1_99' title='bbox 164 867 355 888; x_wconf 85' lang='lat' dir='ltr'>numerans.</span> <span class='ocrx_word' id='word_1_100' title='bbox 400 854 458 887; x_wconf 85' lang='lat' dir='ltr'>Fit</span> <span class='ocrx_word' id='word_1_101' title='bbox 482 867 560 896; x_wconf 85' lang='lat' dir='ltr'>crgo</span> <span class='ocrx_word' id='word_1_102' title='bbox 585 854 671 888; x_wconf 91' lang='lat' dir='ltr'>sicut</span> <span class='ocrx_word' id='word_1_103' title='bbox 690 855 830 886; x_wconf 82' lang='lat' dir='ltr'>aborsus</span> <span class='ocrx_word' id='word_1_104' title='bbox 843 852 965 886; x_wconf 80' lang='lat' dir='ltr'>Maria.</span> <span class='ocrx_word' id='word_1_105' title='bbox 1001 851 1083 887; x_wconf 91' lang='lat' dir='ltr'>Non</span> <span class='ocrx_word' id='word_1_106' title='bbox 1098 853 1191 887; x_wconf 85' lang='lat' dir='ltr'>enim</span> 
     </span>
     <span class='ocr_line' id='line_1_14' title="bbox 52 913 1193 962; baseline -0.001 -13"><span class='ocrx_word' id='word_1_107' title='bbox 52 916 165 962; x_wconf 88' lang='lat' dir='ltr'>potuit</span> <span class='ocrx_word' id='word_1_108' title='bbox 188 916 337 961; x_wconf 88' lang='lat' dir='ltr'>populus</span> <span class='ocrx_word' id='word_1_109' title='bbox 358 915 416 949; x_wconf 82' lang='lat' dir='ltr'>ille</span> <span class='ocrx_word' id='word_1_110' title='bbox 440 917 483 949; x_wconf 86' lang='lat' dir='ltr'>ad</span> <span class='ocrx_word' id='word_1_111' title='bbox 507 917 697 960; x_wconf 82' lang='lat' dir='ltr'>perfectum</span> <span class='ocrx_word' id='word_1_112' title='bbox 720 915 863 948; x_wconf 85' lang='lat' dir='ltr'>formari</span> <span class='ocrx_word' id='word_1_113' title='bbox 886 913 922 946; x_wconf 83' lang='lat' dir='ltr'>in</span> <span class='ocrx_word' id='word_1_114' title='bbox 942 915 1026 956; x_wconf 82' lang='lat' dir='ltr'>lege,</span> <span class='ocrx_word' id='word_1_115' title='bbox 1049 914 1137 948; x_wconf 87' lang='lat' dir='ltr'>sicut</span> <span class='ocrx_word' id='word_1_116' title='bbox 1159 923 1193 948; x_wconf 82' lang='lat' dir='ltr'>et</span> 
     </span>
     <span class='ocr_line' id='line_1_15' title="bbox 54 975 1192 1022; baseline -0.001 -12"><span class='ocrx_word' id='word_1_117' title='bbox 54 977 180 1012; x_wconf 86' lang='lat' dir='ltr'>Paulus</span> <span class='ocrx_word' id='word_1_118' title='bbox 211 977 412 1022; x_wconf 82' lang='lat' dir='ltr'>pronuntiat</span> <span class='ocrx_word' id='word_1_119' title='bbox 443 977 573 1011; x_wconf 87' lang='lat' dir='ltr'>dicens:</span> <span class='ocrx_word' id='word_1_120' title='bbox 607 976 801 1018; x_wconf 87' lang='lat' dir='ltr'>„neminem</span> <span class='ocrx_word' id='word_1_121' title='bbox 814 976 850 1021; x_wconf 82' lang='grc'>3)</span> <span class='ocrx_word' id='word_1_122' title='bbox 883 975 973 1009; x_wconf 86' lang='lat' dir='ltr'>enim</span> <span class='ocrx_word' id='word_1_123' title='bbox 1005 977 1048 1009; x_wconf 84' lang='lat' dir='ltr'>ad</span> <span class='ocrx_word' id='word_1_124' title='bbox 1077 977 1192 1021; x_wconf 81' lang='lat' dir='ltr'>perfe-</span> 
     </span>
     <span class='ocr_line' id='line_1_16' title="bbox 54 1037 1192 1084; baseline -0.001 -12"><span class='ocrx_word' id='word_1_125' title='bbox 54 1049 146 1072; x_wconf 88' lang='lat' dir='ltr'>ctum</span> <span class='ocrx_word' id='word_1_126' title='bbox 171 1038 310 1073; x_wconf 82' lang='lat' dir='ltr'>adduxit</span> <span class='ocrx_word' id='word_1_127' title='bbox 330 1042 416 1076; x_wconf 80' lang='lat' dir='ltr'>lex.“</span> <span class='ocrx_word' id='word_1_128' title='bbox 461 1039 622 1084; x_wconf 84' lang='lat' dir='ltr'>Denique</span> <span class='ocrx_word' id='word_1_129' title='bbox 658 1048 690 1072; x_wconf 89' lang='lat' dir='ltr'>et</span> <span class='ocrx_word' id='word_1_130' title='bbox 721 1038 813 1071; x_wconf 85' lang='lat' dir='ltr'>idem</span> <span class='ocrx_word' id='word_1_131' title='bbox 836 1038 1024 1083; x_wconf 88' lang='lat' dir='ltr'>Apostolus</span> <span class='ocrx_word' id='word_1_132' title='bbox 1048 1039 1091 1070; x_wconf 83' lang='lat' dir='ltr'>de</span> <span class='ocrx_word' id='word_1_133' title='bbox 1115 1037 1192 1082; x_wconf 82' lang='lat' dir='ltr'>qui-</span> 
     </span>
     <span class='ocr_line' id='line_1_17' title="bbox 55 1099 1191 1146; baseline -0.002 -12"><span class='ocrx_word' id='word_1_134' title='bbox 55 1101 218 1141; x_wconf 86' lang='lat' dir='ltr'>busdam,</span> <span class='ocrx_word' id='word_1_135' title='bbox 241 1114 327 1146; x_wconf 89' lang='lat' dir='ltr'>quos</span> <span class='ocrx_word' id='word_1_136' title='bbox 351 1115 370 1134; x_wconf 84' lang='lat' dir='ltr'>a</span> <span class='ocrx_word' id='word_1_137' title='bbox 394 1101 461 1134; x_wconf 85' lang='lat' dir='ltr'>fide</span> <span class='ocrx_word' id='word_1_138' title='bbox 485 1102 660 1146; x_wconf 85' lang='lat' dir='ltr'>delapsos,</span> <span class='ocrx_word' id='word_1_139' title='bbox 689 1109 722 1134; x_wconf 86' lang='lat' dir='ltr'>et</span> <span class='ocrx_word' id='word_1_140' title='bbox 745 1101 836 1133; x_wconf 84' lang='lat' dir='ltr'>velut</span> <span class='ocrx_word' id='word_1_141' title='bbox 859 1099 893 1132; x_wconf 88' lang='lat' dir='ltr'>in</span> <span class='ocrx_word' id='word_1_142' title='bbox 919 1101 1079 1134; x_wconf 82' lang='lat' dir='ltr'>aborsum</span> <span class='ocrx_word' id='word_1_143' title='bbox 1107 1112 1191 1133; x_wconf 90' lang='lat' dir='ltr'>con-</span> 
     </span>
     <span class='ocr_line' id='line_1_18' title="bbox 55 1161 1190 1207; baseline -0.002 -11"><span class='ocrx_word' id='word_1_144' title='bbox 55 1176 169 1196; x_wconf 84' lang='lat' dir='ltr'>versos</span> <span class='ocrx_word' id='word_1_145' title='bbox 194 1163 237 1196; x_wconf 81' lang='lat' dir='ltr'>ad</span> <span class='ocrx_word' id='word_1_146' title='bbox 260 1163 429 1207; x_wconf 82' lang='lat' dir='ltr'>perfectae</span> <span class='ocrx_word' id='word_1_147' title='bbox 452 1175 586 1195; x_wconf 89' lang='lat' dir='ltr'>rursum</span> <span class='ocrx_word' id='word_1_148' title='bbox 616 1161 793 1195; x_wconf 82' lang='lat' dir='ltr'>nativitatis</span> <span class='ocrx_word' id='word_1_149' title='bbox 826 1162 976 1195; x_wconf 83' lang='lat' dir='ltr'>instituta</span> <span class='ocrx_word' id='word_1_150' title='bbox 1002 1162 1190 1206; x_wconf 75' lang='lat' dir='ltr'>reparabat,</span> 
     </span>
     <span class='ocr_line' id='line_1_19' title="bbox 57 1222 1192 1268; baseline 0.001 -12"><span class='ocrx_word' id='word_1_151' title='bbox 57 1224 118 1257; x_wconf 80' lang='lat' dir='ltr'>ait:</span> <span class='ocrx_word' id='word_1_152' title='bbox 142 1223 260 1264; x_wconf 85' lang='lat' dir='ltr'>„filioli</span> <span class='ocrx_word' id='word_1_153' title='bbox 275 1223 312 1267; x_wconf 74' lang='lat'>4)</span> <span class='ocrx_word' id='word_1_154' title='bbox 337 1223 413 1262; x_wconf 87' lang='lat' dir='ltr'>mei,</span> <span class='ocrx_word' id='word_1_155' title='bbox 439 1236 524 1267; x_wconf 89' lang='lat' dir='ltr'>quos</span> <span class='ocrx_word' id='word_1_156' title='bbox 546 1223 667 1256; x_wconf 84' lang='lat' dir='ltr'>iterum</span> <span class='ocrx_word' id='word_1_157' title='bbox 692 1222 866 1268; x_wconf 84' lang='lat' dir='ltr'>parturio,</span> <span class='ocrx_word' id='word_1_158' title='bbox 891 1225 1001 1256; x_wconf 87' lang='lat' dir='ltr'>donec</span> <span class='ocrx_word' id='word_1_159' title='bbox 1025 1225 1192 1257; x_wconf 79' lang='lat' dir='ltr'>formetur</span> 
     </span>
     <span class='ocr_line' id='line_1_20' title="bbox 58 1284 419 1319; baseline 0.003 -2"><span class='ocrx_word' id='word_1_160' title='bbox 58 1285 210 1319; x_wconf 85' lang='lat' dir='ltr'>Christus</span> <span class='ocrx_word' id='word_1_161' title='bbox 231 1285 265 1317; x_wconf 84' lang='lat' dir='ltr'>in</span> <span class='ocrx_word' id='word_1_162' title='bbox 290 1284 419 1318; x_wconf 85' lang='lat' dir='ltr'>vobis.“</span> 
     </span>
    </p>

    <p class='ocr_par' dir='ltr' id='par_1_3' title="bbox 55 1345 1194 1885">
     <span class='ocr_line' id='line_1_21' title="bbox 148 1345 1193 1391; baseline 0.001 -11"><span class='ocrx_word' id='word_1_163' title='bbox 148 1347 179 1380; x_wconf 90' lang='grc'>4.</span> <span class='ocrx_word' id='word_1_164' title='bbox 203 1345 314 1391; x_wconf 86' lang='lat' dir='ltr'>‚,Et⁵)</span> <span class='ocrx_word' id='word_1_165' title='bbox 344 1345 569 1390; x_wconf 83' lang='lat' dir='ltr'>proclamavit</span> <span class='ocrx_word' id='word_1_166' title='bbox 599 1346 713 1380; x_wconf 87' lang='lat' dir='ltr'>Moses</span> <span class='ocrx_word' id='word_1_167' title='bbox 751 1348 795 1380; x_wconf 85' lang='lat' dir='ltr'>ad</span> <span class='ocrx_word' id='word_1_168' title='bbox 828 1347 1022 1381; x_wconf 87' lang='lat' dir='ltr'>Dominum</span> <span class='ocrx_word' id='word_1_169' title='bbox 1061 1348 1193 1382; x_wconf 87' lang='lat' dir='ltr'>dicens:</span> 
     </span>
     <span class='ocr_line' id='line_1_22' title="bbox 55 1408 1193 1454; baseline 0.001 -13"><span class='ocrx_word' id='word_1_170' title='bbox 55 1408 212 1453; x_wconf 78' lang='lat' dir='ltr'>Deus,⁶)</span> <span class='ocrx_word' id='word_1_171' title='bbox 233 1420 357 1453; x_wconf 84' lang='lat' dir='ltr'>precor</span> <span class='ocrx_word' id='word_1_172' title='bbox 380 1416 423 1448; x_wconf 90' lang='lat' dir='ltr'>te,</span> <span class='ocrx_word' id='word_1_173' title='bbox 446 1421 525 1441; x_wconf 87' lang='lat' dir='ltr'>sana</span> <span class='ocrx_word' id='word_1_174' title='bbox 551 1413 658 1444; x_wconf 86' lang='lat' dir='ltr'>eam.“</span> <span class='ocrx_word' id='word_1_175' title='bbox 695 1409 739 1442; x_wconf 89' lang='lat' dir='ltr'>Et</span> <span class='ocrx_word' id='word_1_176' title='bbox 763 1422 864 1454; x_wconf 87' lang='lat' dir='ltr'>quem</span> <span class='ocrx_word' id='word_1_177' title='bbox 886 1410 1069 1454; x_wconf 81' lang='lat' dir='ltr'>oportebat</span> <span class='ocrx_word' id='word_1_178' title='bbox 1094 1422 1193 1442; x_wconf 87' lang='lat' dir='ltr'>orare</span> 
     </span>
     <span class='ocr_line' id='line_1_23' title="bbox 57 1469 1194 1515; baseline 0.001 -12"><span class='ocrx_word' id='word_1_179' title='bbox 57 1471 101 1503; x_wconf 84' lang='lat' dir='ltr'>ad</span> <span class='ocrx_word' id='word_1_180' title='bbox 124 1469 315 1502; x_wconf 85' lang='lat' dir='ltr'>Dominum</span> <span class='ocrx_word' id='word_1_181' title='bbox 340 1482 404 1514; x_wconf 87' lang='lat' dir='ltr'>pro</span> <span class='ocrx_word' id='word_1_182' title='bbox 428 1469 567 1503; x_wconf 82' lang='lat' dir='ltr'>sanitate</span> <span class='ocrx_word' id='word_1_183' title='bbox 591 1470 713 1515; x_wconf 83' lang='lat' dir='ltr'>populi</span> <span class='ocrx_word' id='word_1_184' title='bbox 735 1471 834 1511; x_wconf 86' lang='lat' dir='ltr'>illius,</span> <span class='ocrx_word' id='word_1_185' title='bbox 857 1470 922 1504; x_wconf 89' lang='lat' dir='ltr'>nisi</span> <span class='ocrx_word' id='word_1_186' title='bbox 938 1470 1087 1504; x_wconf 85' lang='lat' dir='ltr'>Mosen?</span> <span class='ocrx_word' id='word_1_187' title='bbox 1113 1471 1194 1504; x_wconf 85' lang='lat' dir='ltr'>Mo-</span> 
     </span>
     <span class='ocr_line' id='line_1_24' title="bbox 56 1531 1192 1578; baseline 0 -12"><span class='ocrx_word' id='word_1_188' title='bbox 56 1544 107 1566; x_wconf 82' lang='lat' dir='ltr'>ses</span> <span class='ocrx_word' id='word_1_189' title='bbox 132 1541 207 1565; x_wconf 81' lang='lat' dir='ltr'>orat</span> <span class='ocrx_word' id='word_1_190' title='bbox 229 1545 294 1576; x_wconf 91' lang='lat' dir='ltr'>pro</span> <span class='ocrx_word' id='word_1_191' title='bbox 318 1531 392 1565; x_wconf 87' lang='lat' dir='ltr'>illis.</span> <span class='ocrx_word' id='word_1_192' title='bbox 438 1532 481 1565; x_wconf 92' lang='lat' dir='ltr'>Et</span> <span class='ocrx_word' id='word_1_193' title='bbox 504 1533 594 1565; x_wconf 82' lang='lat' dir='ltr'>forte</span> <span class='ocrx_word' id='word_1_194' title='bbox 619 1533 685 1565; x_wconf 92' lang='lat' dir='ltr'>hoc</span> <span class='ocrx_word' id='word_1_195' title='bbox 711 1542 789 1573; x_wconf 79' lang='lat' dir='ltr'>erat,</span> <span class='ocrx_word' id='word_1_196' title='bbox 813 1533 907 1578; x_wconf 86' lang='lat' dir='ltr'>quod</span> <span class='ocrx_word' id='word_1_197' title='bbox 932 1546 1010 1566; x_wconf 89' lang='lat' dir='ltr'>cum</span> <span class='ocrx_word' id='word_1_198' title='bbox 1034 1533 1192 1567; x_wconf 83' lang='lat' dir='ltr'>Domino</span> 
     </span>
     <span class='ocr_line' id='line_1_25' title="bbox 56 1591 1194 1638; baseline 0.003 -13"><span class='ocrx_word' id='word_1_199' title='bbox 56 1593 139 1626; x_wconf 89' lang='lat' dir='ltr'>Jesu</span> <span class='ocrx_word' id='word_1_200' title='bbox 164 1591 300 1626; x_wconf 83' lang='lat' dir='ltr'>Christo</span> <span class='ocrx_word' id='word_1_201' title='bbox 326 1593 603 1638; x_wconf 85' lang='lat' dir='ltr'>colloquebatur,</span> <span class='ocrx_word' id='word_1_202' title='bbox 630 1607 706 1627; x_wconf 86' lang='lat' dir='ltr'>curn</span> <span class='ocrx_word' id='word_1_203' title='bbox 731 1594 766 1627; x_wconf 84' lang='lat' dir='ltr'>in</span> <span class='ocrx_word' id='word_1_204' title='bbox 792 1604 910 1628; x_wconf 91' lang='lat' dir='ltr'>monte</span> <span class='ocrx_word' id='word_1_205' title='bbox 933 1596 1194 1629; x_wconf 79' lang='lat' dir='ltr'>transformatus</span> 
     </span>
     <span class='ocr_line' id='line_1_26' title="bbox 59 1656 1194 1701; baseline 0.001 -13"><span class='ocrx_word' id='word_1_206' title='bbox 59 1663 115 1693; x_wconf 84' lang='lat' dir='ltr'>est,</span> <span class='ocrx_word' id='word_1_207' title='bbox 139 1663 255 1699; x_wconf 82' lang='lat' dir='ltr'>petens</span> <span class='ocrx_word' id='word_1_208' title='bbox 279 1656 321 1687; x_wconf 87' lang='lat' dir='ltr'>ab</span> <span class='ocrx_word' id='word_1_209' title='bbox 347 1667 408 1695; x_wconf 87' lang='lat' dir='ltr'>eo,</span> <span class='ocrx_word' id='word_1_210' title='bbox 441 1665 495 1695; x_wconf 91' lang='lat' dir='ltr'>ut,</span> <span class='ocrx_word' id='word_1_211' title='bbox 528 1669 606 1688; x_wconf 90' lang='lat' dir='ltr'>cum</span> <span class='ocrx_word' id='word_1_212' title='bbox 629 1656 808 1701; x_wconf 77' lang='lat' dir='ltr'>plenitudo</span> <span class='ocrx_word' id='word_1_213' title='bbox 842 1656 990 1698; x_wconf 82' lang='lat' dir='ltr'>gentium</span> <span class='ocrx_word' id='word_1_214' title='bbox 1016 1656 1194 1697; x_wconf 86' lang='lat' dir='ltr'>introisset,</span> 
     </span>
     <span class='ocr_line' id='line_1_27' title="bbox 56 1715 1193 1762; baseline 0.004 -14"><span class='ocrx_word' id='word_1_215' title='bbox 56 1725 139 1748; x_wconf 87' lang='lat' dir='ltr'>tunc</span> <span class='ocrx_word' id='word_1_216' title='bbox 162 1715 272 1749; x_wconf 85' lang='lat' dir='ltr'>omnis</span> <span class='ocrx_word' id='word_1_217' title='bbox 296 1716 401 1749; x_wconf 81' lang='lat' dir='ltr'>Israel</span> <span class='ocrx_word' id='word_1_218' title='bbox 422 1718 531 1750; x_wconf 78' lang='lat' dir='ltr'>salvus</span> <span class='ocrx_word' id='word_1_219' title='bbox 556 1719 660 1752; x_wconf 83' lang='lat' dir='ltr'>fieret.</span> <span class='ocrx_word' id='word_1_220' title='bbox 712 1718 825 1762; x_wconf 81' lang='lat' dir='ltr'>‚,Et⁷)</span> <span class='ocrx_word' id='word_1_221' title='bbox 851 1718 931 1751; x_wconf 84' lang='lat' dir='ltr'>dixit</span> <span class='ocrx_word' id='word_1_222' title='bbox 953 1718 1126 1751; x_wconf 82' lang='lat' dir='ltr'>Dominus</span> <span class='ocrx_word' id='word_1_223' title='bbox 1149 1720 1193 1752; x_wconf 85' lang='lat' dir='ltr'>ad</span> 
     </span>
     <span class='ocr_line' id='line_1_28' title="bbox 58 1777 1194 1825; baseline 0.003 -15"><span class='ocrx_word' id='word_1_224' title='bbox 58 1777 199 1810; x_wconf 83' lang='lat' dir='ltr'>Mosen:</span> <span class='ocrx_word' id='word_1_225' title='bbox 222 1777 250 1811; x_wconf 88' lang='lat' dir='ltr'>si</span> <span class='ocrx_word' id='word_1_226' title='bbox 272 1786 368 1822; x_wconf 82' lang='lat' dir='ltr'>pater</span> <span class='ocrx_word' id='word_1_227' title='bbox 392 1777 461 1824; x_wconf 78' lang='lat' dir='ltr'>ejus</span> <span class='ocrx_word' id='word_1_228' title='bbox 478 1779 660 1824; x_wconf 82' lang='lat' dir='ltr'>exspuisset</span> <span class='ocrx_word' id='word_1_229' title='bbox 682 1780 717 1812; x_wconf 91' lang='lat' dir='ltr'>in</span> <span class='ocrx_word' id='word_1_230' title='bbox 731 1780 852 1813; x_wconf 83' lang='lat' dir='ltr'>faciem</span> <span class='ocrx_word' id='word_1_231' title='bbox 872 1779 951 1825; x_wconf 83' lang='lat' dir='ltr'>ejuS,</span> <span class='ocrx_word' id='word_1_232' title='bbox 976 1793 1092 1813; x_wconf 88' lang='lat' dir='ltr'>nonne</span> <span class='ocrx_word' id='word_1_233' title='bbox 1117 1793 1194 1813; x_wconf 88' lang='lat' dir='ltr'>cru-</span> 
     </span>
     <span class='ocr_line' id='line_1_29' title="bbox 59 1839 1194 1885; baseline 0.004 -15"><span class='ocrx_word' id='word_1_234' title='bbox 59 1839 212 1870; x_wconf 84' lang='lat' dir='ltr'>besceret</span> <span class='ocrx_word' id='word_1_235' title='bbox 233 1849 362 1883; x_wconf 87' lang='lat' dir='ltr'>septem</span> <span class='ocrx_word' id='word_1_236' title='bbox 387 1840 529 1874; x_wconf 81' lang='lat' dir='ltr'>dicbus?</span> <span class='ocrx_word' id='word_1_237' title='bbox 576 1842 760 1885; x_wconf 86' lang='lat' dir='ltr'>Separetur</span> <span class='ocrx_word' id='word_1_238' title='bbox 792 1850 920 1885; x_wconf 85' lang='lat' dir='ltr'>septem</span> <span class='ocrx_word' id='word_1_239' title='bbox 954 1841 1072 1875; x_wconf 82' lang='lat' dir='ltr'>diebus</span> <span class='ocrx_word' id='word_1_240' title='bbox 1103 1851 1194 1876; x_wconf 81' lang='lat' dir='ltr'>extra</span> 
     </span>
    </p>
   </div>
   <div class='ocr_carea' id='block_1_3' title="bbox 59 1900 1193 1950">
    <p class='ocr_par' dir='ltr' id='par_1_4' title="bbox 59 1900 1193 1950">
     <span class='ocr_line' id='line_1_30' title="bbox 59 1900 1193 1950; baseline 0.004 -18"><span class='ocrx_word' id='word_1_241' title='bbox 59 1906 188 1940; x_wconf 69' lang='lat' dir='ltr'>castra,⁴</span> <span class='ocrx_word' id='word_1_242' title='bbox 220 1908 252 1932; x_wconf 87' lang='lat' dir='ltr'>ct</span> <span class='ocrx_word' id='word_1_243' title='bbox 283 1908 362 1945; x_wconf 86' lang='lat' dir='ltr'>post</span> <span class='ocrx_word' id='word_1_244' title='bbox 392 1900 475 1933; x_wconf 82' lang='lat' dir='ltr'>haec</span> <span class='ocrx_word' id='word_1_245' title='bbox 499 1901 688 1936; x_wconf 84' lang='lat' dir='ltr'>introibit.“</span> <span class='ocrx_word' id='word_1_246' title='bbox 734 1901 828 1946; x_wconf 82' lang='lat' dir='ltr'>Quid</span> <span class='ocrx_word' id='word_1_247' title='bbox 853 1912 916 1942; x_wconf 90' lang='lat' dir='ltr'>est,</span> <span class='ocrx_word' id='word_1_248' title='bbox 954 1901 980 1935; x_wconf 86' lang='lat' dir='ltr'>si</span> <span class='ocrx_word' id='word_1_249' title='bbox 1004 1912 1099 1946; x_wconf 84' lang='lat' dir='ltr'>pater</span> <span class='ocrx_word' id='word_1_250' title='bbox 1123 1902 1193 1950; x_wconf 77' lang='lat' dir='ltr'>ejus</span> 
     </span>
    </p>
   </div>
   <div class='ocr_carea' id='block_1_4' title="bbox 149 2005 1112 2162">
    <p class='ocr_par' dir='ltr' id='par_1_5' title="bbox 149 2005 1112 2162">
     <span class='ocr_line' id='line_1_31' title="bbox 154 2005 1112 2052; baseline 0.009 -16"><span class='ocrx_word' id='word_1_251' title='bbox 154 2006 189 2050; x_wconf 84' lang='lat'>¹)</span> <span class='ocrx_word' id='word_1_252' title='bbox 211 2005 276 2040; x_wconf 85' lang='lat' dir='ltr'>Ed.</span> <span class='ocrx_word' id='word_1_253' title='bbox 302 2006 411 2039; x_wconf 80' lang='lat' dir='ltr'>Ruaei</span> <span class='ocrx_word' id='word_1_254' title='bbox 433 2007 524 2040; x_wconf 83' lang='lat' dir='ltr'>sola:</span> <span class='ocrx_word' id='word_1_255' title='bbox 549 2007 681 2051; x_wconf 87' lang='lat' dir='ltr'>quibus.</span> <span class='ocrx_word' id='word_1_256' title='bbox 776 2008 813 2052; x_wconf 81' lang='grc'>2)</span> <span class='ocrx_word' id='word_1_257' title='bbox 837 2009 852 2040; x_wconf 89' lang='grc' dir='ltr'>Ι</span> <span class='ocrx_word' id='word_1_258' title='bbox 878 2008 957 2042; x_wconf 91' lang='lat' dir='ltr'>Cor.</span> <span class='ocrx_word' id='word_1_259' title='bbox 983 2009 1059 2051; x_wconf 83' lang='lat' dir='ltr'>XV,</span> <span class='ocrx_word' id='word_1_260' title='bbox 1082 2010 1112 2045; x_wconf 86' lang='grc'>8.</span> 
     </span>
     <span class='ocr_line' id='line_1_32' title="bbox 149 2060 1014 2108; baseline 0.006 -15"><span class='ocrx_word' id='word_1_261' title='bbox 149 2060 188 2105; x_wconf 74' lang='grc'>3)</span> <span class='ocrx_word' id='word_1_262' title='bbox 215 2061 285 2094; x_wconf 81' lang='lat' dir='ltr'>Cfr.</span> <span class='ocrx_word' id='word_1_263' title='bbox 309 2062 414 2095; x_wconf 88' lang='lat' dir='ltr'>Hebr.</span> <span class='ocrx_word' id='word_1_264' title='bbox 440 2062 516 2102; x_wconf 91' lang='lat' dir='ltr'>VlI,</span> <span class='ocrx_word' id='word_1_265' title='bbox 539 2062 590 2097; x_wconf 86' lang='lat'>19.</span> <span class='ocrx_word' id='word_1_266' title='bbox 684 2063 720 2108; x_wconf 75' lang='grc'>4)</span> <span class='ocrx_word' id='word_1_267' title='bbox 746 2064 855 2098; x_wconf 80' lang='lat' dir='ltr'>Galat.</span> <span class='ocrx_word' id='word_1_268' title='bbox 879 2066 937 2107; x_wconf 88' lang='lat' dir='ltr'>IV,</span> <span class='ocrx_word' id='word_1_269' title='bbox 961 2065 1014 2100; x_wconf 89' lang='lat'>19.</span> 
     </span>
     <span class='ocr_line' id='line_1_33' title="bbox 152 2117 494 2162; baseline 0.009 -13"><span class='ocrx_word' id='word_1_270' title='bbox 152 2117 189 2162; x_wconf 87' lang='lat'>⁵)</span> <span class='ocrx_word' id='word_1_271' title='bbox 212 2118 317 2153; x_wconf 86' lang='lat' dir='ltr'>Num.</span> <span class='ocrx_word' id='word_1_272' title='bbox 340 2117 418 2158; x_wconf 88' lang='lat' dir='ltr'>XII,</span> <span class='ocrx_word' id='word_1_273' title='bbox 442 2118 494 2152; x_wconf 88' lang='grc'>13.</span> 
     </span>
    </p>
   </div>
   <div class='ocr_carea' id='block_1_5' title="bbox 61 2173 1192 2262">
    <p class='ocr_par' dir='ltr' id='par_1_6' title="bbox 61 2173 1192 2262">
     <span class='ocr_line' id='line_1_34' title="bbox 152 2173 1192 2220; baseline 0.008 -15"><span class='ocrx_word' id='word_1_274' title='bbox 152 2173 189 2217; x_wconf 81' lang='lat'>⁶)</span> <span class='ocrx_word' id='word_1_275' title='bbox 212 2174 307 2207; x_wconf 89' lang='lat' dir='ltr'>Libri</span> <span class='ocrx_word' id='word_1_276' title='bbox 330 2173 409 2207; x_wconf 80' lang='lat' dir='ltr'>editi</span> <span class='ocrx_word' id='word_1_277' title='bbox 431 2174 480 2218; x_wconf 88' lang='lat' dir='ltr'>(v.</span> <span class='ocrx_word' id='word_1_278' title='bbox 506 2188 533 2208; x_wconf 90' lang='lat' dir='ltr'>c.</span> <span class='ocrx_word' id='word_1_279' title='bbox 559 2177 635 2208; x_wconf 83' lang='lat' dir='ltr'>edd.</span> <span class='ocrx_word' id='word_1_280' title='bbox 659 2175 745 2220; x_wconf 88' lang='grc' dir='ltr'>Μ.)</span> <span class='ocrx_word' id='word_1_281' title='bbox 780 2177 895 2216; x_wconf 89' lang='lat' dir='ltr'>„Deus</span> <span class='ocrx_word' id='word_1_282' title='bbox 919 2179 1045 2220; x_wconf 87' lang='lat' dir='ltr'>meus‚“</span> <span class='ocrx_word' id='word_1_283' title='bbox 1075 2179 1133 2213; x_wconf 88' lang='lat' dir='ltr'>sed</span> <span class='ocrx_word' id='word_1_284' title='bbox 1156 2178 1192 2212; x_wconf 81' lang='lat' dir='ltr'>in</span> 
     </span>
     <span class='ocr_line' id='line_1_35' title="bbox 61 2217 870 2262; baseline 0.007 -11"><span class='ocrx_word' id='word_1_285' title='bbox 61 2217 141 2252; x_wconf 87' lang='lat' dir='ltr'>Mss.</span> <span class='ocrx_word' id='word_1_286' title='bbox 168 2227 199 2251; x_wconf 86' lang='lat' dir='ltr'>et</span> <span class='ocrx_word' id='word_1_287' title='bbox 221 2220 256 2251; x_wconf 84' lang='lat' dir='ltr'>in</span> <span class='ocrx_word' id='word_1_288' title='bbox 281 2227 371 2252; x_wconf 82' lang='lat' dir='ltr'>textu</span> <span class='ocrx_word' id='word_1_289' title='bbox 398 2230 518 2260; x_wconf 83' lang='lat' dir='ltr'>graeco</span> <span class='ocrx_word' id='word_1_290' title='bbox 546 2221 638 2255; x_wconf 87' lang='lat' dir='ltr'>deest</span> <span class='ocrx_word' id='word_1_291' title='bbox 660 2226 807 2262; x_wconf 84' lang='lat' dir='ltr'>,‚meus.“</span> <span class='ocrx_word' id='word_1_292' title='bbox 830 2222 870 2256; x_wconf 85' lang='lat' dir='ltr'>R.</span> 
     </span>
    </p>
   </div>
   <div class='ocr_carea' id='block_1_6' title="bbox 154 2273 496 2318">
    <p class='ocr_par' dir='ltr' id='par_1_7' title="bbox 154 2273 496 2318">
     <span class='ocr_line' id='line_1_36' title="bbox 154 2273 496 2318; baseline 0.003 -11"><span class='ocrx_word' id='word_1_293' title='bbox 154 2273 191 2318; x_wconf 86' lang='grc'>7)</span> <span class='ocrx_word' id='word_1_294' title='bbox 215 2274 316 2308; x_wconf 76' lang='lat' dir='ltr'>Num.</span> <span class='ocrx_word' id='word_1_295' title='bbox 343 2273 421 2316; x_wconf 82' lang='lat' dir='ltr'>XII,</span> <span class='ocrx_word' id='word_1_296' title='bbox 444 2275 496 2310; x_wconf 84' lang='lat'>14.</span> 
     </span>
    </p>
   </div>
  </div>
 </body>
</html>
