1427 2460
319 101 354 125 m
380 92 558 124 Nummos
582 88 742 123 HommA
764 89 874 122 XXV.
1096 90 1165 124 305

0 210 2 221 ,
35 183 195 223 curandi,
227 182 252 217 si
283 191 395 215 tamen
421 188 557 225 oportet
580 178 808 226 Babyloni..m
833 179 953 212 curari.
999 178 1060 213 Est
1085 190 1164 221 ergo

0 234 2 246 s
33 245 132 280 locus
156 244 210 278 hic
234 242 513 278 resurrectionem
537 250 756 274 mortuorum
783 240 954 274 evidenter
976 239 1165 273 ostendens.

33 307 195 349 Designat
218 304 307 339 enim
333 317 401 338 esse
425 305 613 350 populum,
637 303 691 337 cui
707 311 786 348 post
810 302 943 336 obitum
966 314 1064 335 suum
1082 300 1165 334 Mo-

32 382 80 403 ses
113 367 345 413 adjungendus
374 366 431 407 sit,
463 374 495 399 et
525 366 569 400 ad
598 377 684 410 quos
713 377 777 410 pro
812 363 877 397 suis
907 361 1033 397 meritis
1054 372 1163 396 trans·

33 430 202 464 ferendus.
1130 472 1134 476 ἵ

121 491 153 523 2.
189 488 294 529 „Post
312 488 346 533 ¹)
371 490 453 522 haec
478 490 612 522 locutus
638 498 684 522 est
707 487 821 520 Moses
847 488 888 519 ad
913 485 1094 530 populum,
1113 483 1163 516 di-

32 564 126 585 cens:
165 560 292 583 armate
330 563 367 583 ex
404 551 500 583 vobis
537 548 646 589 viros,
685 557 718 581 et
758 547 952 590 belligerate
988 547 1165 580 adversum

32 612 195 653 Madian,
224 613 365 646 reddere
388 612 570 645 vindictam
602 610 638 644 in
662 610 803 644 Madian
827 622 846 642 a
870 608 1042 642 Domino:
1073 607 1166 640 mille

15 664 70 707 'ex
102 675 211 714 tribu,
243 684 275 707 et
305 675 399 707 mille
423 687 460 707 ex
485 673 597 714 tribu,
629 686 668 706 ex
698 671 858 705 omnibus
881 670 1038 705 tribubus
1062 669 1165 703 Israel

31 736 152 770 mittite
176 736 220 770 ad
244 724 547 777 belligerand'umst
583 734 756 767 Attendite
769 732 916 766 lectioni.
951 733 1033 765 Non
1053 731 1164 764 solum

34 797 124 831 enim
155 799 198 831 ad
229 797 382 831 auditum
414 809 628 836 sermonum,
660 796 719 829 sed
751 795 794 829 ad
824 807 938 827 rerum
969 792 1163 826 considera-

32 858 161 892 tionem
196 859 423 892 intendendus
457 868 503 891 est
541 857 684 891 animus.
742 856 939 890 Recordare
975 853 1167 900 praeterita,

34 919 114 954 audi
136 921 342 964 praesentia,
376 932 462 964 quae
486 928 676 964 sequuntur
702 908 847 952 adverte.
896 917 1028 959 Confer
1049 916 1167 961 priora

37 979 292 1027 posterioribus,
318 991 350 1014 et
374 982 563 1015 divinarum
587 980 749 1014 virtutum
774 979 1060 1023 magnificentiam
1085 991 1168 1011 con—

34 1043 208 1088 teniplare.
264 1042 346 1077 Filii
388 1043 491 1076 lsrael
535 1044 666 1076 dudum
704 1051 858 1077 sexcenta
893 1040 998 1074 millia
1033 1041 1168 1073 fueram

33 1114 260 1145 armatorum,
300 1104 358 1149 qui
395 1114 632 1149 processerant
669 1105 846 1137 adversum
877 1103 1037 1143 Madian,
1069 1111 1101 1135 et
1130 1101 1166 1135 hi

35 1180 152 1201 omnes
175 1165 251 1199 victi
274 1174 367 1207 sunt,
392 1167 556 1210 quoniam
579 1174 756 1210 peccatum
781 1174 852 1199 erat
873 1164 910 1198 in
931 1164 1021 1210 ipsis.
1066 1165 1167 1198 Nunc

35 1234 129 1261 vero*
148 1227 290 1261 victores
313 1227 541 1267 madianitae,
575 1226 632 1272 qui
655 1236 809 1261 sexcenta
832 1227 939 1260 millia
961 1226 1169 1270 fugaverant,

35 1289 218 1323 vincuntur
251 1302 269 1322 a
295 1289 479 1322 duodecim
511 1289 682 1329 millibus,
721 1298 758 1322 ut
787 1289 889 1331 scias,
922 1288 999 1334 quia
1031 1302 1101 1322 non
1132 1288 1169 1322 in

34 1350 270 1390 multitudine,
305 1363 369 1383 nec
405 1350 441 1382 in
472 1363 617 1384 numero
648 1349 795 1384 militum
825 1350 928 1384 vincit
957 1350 1076 1391 Israel,
1111 1352 1171 1384 sed

33 1411 159 1459 justitia
185 1421 216 1445 et
238 1411 344 1456 pietas
370 1421 416 1445 est
442 1412 478 1445 in
500 1412 558 1452 iis,
591 1425 678 1457 quae
701 1412 814 1445 vincit.
859 1411 1048 1456 Propterea
1074 1413 1170 1447 deni-

37 1487 102 1519 que
126 1483 159 1507 et
179 1473 215 1507 in
240 1472 540 1508 benedictionibus
565 1486 686 1507 eorum
712 1473 894 1517 dicitur2),
919 1473 1016 1518 quia,
1047 1473 1075 1507 si
1098 1487 1168 1508 ser-

35 1535 184 1570 vaverint
212 1537 321 1578 legem
346 1535 508 1575 Domini,
538 1549 625 1570 unus
660 1549 698 1569 ex
721 1534 802 1580 ipsis
825 1545 1047 1580 persequatur
1068 1537 1176 1578 mille²

38 1607 69 1631 et
102 1599 172 1632 duo
207 1605 338 1631 vertant
369 1598 488 1630 decem
518 1596 635 1632 millia.
689 1596 792 1632 Vides
825 1609 923 1640 ergo,
956 1597 1034 1642 quia
1063 1599 1173 1631 multo

37 1659 114 1704 plus
136 1659 225 1692 valet
253 1671 343 1692 unus
375 1668 507 1692 sanetus
539 1660 693 1699 orando,
724 1671 827 1703 quam
856 1668 1052 1704 peccatores
1073 1659 1176 1693 innu-

37 1720 125 1753 meri
149 1720 364 1765 proeliando.
412 1719 535 1754 Oratio
566 1720 672 1755 sancti
695 1727 851 1765 penetrat
882 1721 1027 1754 coelum.
1075 1720 1175 1765 Quo-

40 1783 149 1816 modo
179 1793 252 1814 non
286 1789 319 1814 et
350 1782 482 1815 hostem
515 1782 627 1816 vincat
647 1782 693 1815 'in
725 1780 846 1815 terris‘?
893 1780 939 1814 Et
960 1781 1039 1815 ideo
1064 1782 1176 1816 omui-

39 1845 145 1878 mode
175 1843 381 1876 studendum
414 1853 460 1877 est
484 1856 646 1888 quaerere
670 1843 803 1888 primo,
834 1853 866 1877 et
890 1843 1060 1878 custodire
1082 1843 1178 1890 justi-

40 1904 122 1938 tiam
147 1904 224 1938 Dei.
273 1903 389 1949 Quam
413 1905 441 1939 si
465 1904 669 1946 obtinueris,
702 1914 734 1938 et
756 1904 951 1946 servaveris,
975 1919 1094 1939 omnes
1117 1905 1179 1939 tibi

40 1966 153 2000 hostes
181 1965 255 2011 ipsa
285 1964 459 2011 subjiciet:
489 1966 518 2000 si
547 1966 650 2000 fueris
680 1966 836 2009 indutus,
880 1966 965 2001 sicut
995 1968 1178 2013 Apostolus

42 2026 184 2071 diem),
206 2027 350 2061 loricam
374 2027 536 2074 justitiae,
561 2038 591 2061 et
616 2027 783 2062 accinctus
794 2028 984 2070 veritatem,
1004 2029 1033 2062 si
1048 2030 1178 2072 galeam

42 2088 156 2122 salutis
179 2090 366 2134 acceperis,
391 2098 423 2123 et
447 2090 596 2133 gladium
620 2089 771 2135 spiritus,
805 2099 836 2124 et
860 2101 938 2125 ante
963 2091 1078 2126 omnia
1102 2105 1179 2125 scu-

142 2216 176 2261 ¹)
200 2217 303 2250 Num.
327 2216 459 2259 XXXI,
481 2219 512 2253 3.
536 2220 568 2253 4.
664 2220 702 2264 ²)
724 2219 828 2254 Levit.
852 2220 980 2255 XXVI.

138 2271 176 2315 ³)
198 2272 326 2318 Ephes.
349 2273 408 2314 VI,
432 2273 592 2310 14-17,

50 2330 225 2369 omnus
250 2334 387 2370 OPERA.
413 2335 509 2369 Tom.
530 2336 572 2368 X.
877 2339 923 2372 20
975 2356 980 2357 ν
