1427 2460
225 76 294 111 260
725 73 905 108 Omessms

227 179 276 199 ses
308 165 548 198 haereditatem
578 177 651 197 non
682 165 739 197 dat
767 164 803 197 in
837 164 947 204 clero,
978 177 1040 198 nec
1071 174 1163 198 sorte
1187 165 1367 206 distribuit,

226 241 288 261 nec
312 236 425 273 potest
449 239 511 270 per
533 225 670 270 plebes,
704 235 736 258 et
760 226 884 259 domos
908 239 947 258 ac
970 225 1132 266 familias,
1158 236 1190 260 et
1212 228 1366 266 nomina,

227 300 259 323 et
283 288 402 322 merita
425 287 635 329 singulorum
661 286 774 320 divina
799 296 890 320 sorte
913 300 1071 332 pensare:
1095 288 1164 321 hoc
1179 289 1271 323 solus
1286 289 1368 322 facit

225 353 333 390 Jesus,
357 350 411 383 eui
435 361 540 382 omne
562 347 730 393 judicium
752 358 849 393 pater
864 349 1022 382 tradidit:
1038 350 1072 393 ¹)
1096 349 1168 395 ipse
1182 352 1254 390 scit,
1279 364 1365 396 quo-

225 415 332 446 modo
364 411 534 456 populum
566 423 666 442 suum
690 422 762 442 non
784 411 897 443 solum
922 423 983 455 per
1010 410 1135 452 tribus,
1168 422 1200 445 et
1223 411 1367 445 famiIIas

227 485 259 507 et
289 476 428 512 domos,
462 485 578 505 verum
617 481 648 504 et
681 484 745 515 per
774 470 917 503 nomina
950 485 1234 518 unumquemque
1264 473 1366 516 digna

227 548 258 570 et
282 535 488 580 competenti
511 532 690 565 mansione
714 533 892 577 dispenset.
942 532 1032 566 Sunt
1062 542 1176 568 tamen
1201 535 1307 580 aliqui
1329 535 1366 568 in

224 599 309 638 istis,
335 596 393 642 qui
419 594 618 629 conditione
646 594 745 628 sortis
767 594 1040 638 supereminent,
1066 605 1098 628 et
1123 596 1266 629 omnino
1301 609 1365 630 nee

224 656 451 699 adduntur-²)
482 656 525 689 ad
554 665 692 689 sortem.
741 655 871 689 Omnes
895 655 1045 696 Levitae,
1076 657 1113 690 id
1138 667 1202 698 est,
1238 671 1365 699 omnes,

226 721 285 765 qui
313 721 441 753 intente
472 727 504 751 et
534 717 767 751 indesinenter
796 728 997 762 permanent
1019 718 1056 752 in
1078 718 1264 753 ministerio
1289 720 1367 760 Dei,

224 792 256 815 et
273 780 447 827 pervigiles
471 779 506 812 in
530 779 664 812 servitio
691 778 763 824 ejus
789 779 945 813 excubias
970 790 1103 822 gerunt,
1127 791 1252 815 sortem
1276 781 1365 814 inter

224 853 354 876 ceteros
387 854 458 874 non
490 840 678 886 accipiunt:
708 843 767 874 sed
791 855 855 874 nec
879 843 1022 875 omnino
1047 842 1083 875 in
1106 851 1196 876 terra
1221 852 1269 876 est
1291 855 1364 876 sors

225 917 363 944 eorum,
391 905 451 937 sed
479 903 552 947 ipse
576 901 750 936 Dominus
772 917 846 937 sors
869 903 908 936 iis
934 914 965 937 et
988 903 1176 937 haereditas
1201 917 1270 938 esse
1293 917 1364 937 me-

221 975 384 999 moratur.
402 965 440 1009 ³)
487 964 555 997 Per
578 965 641 997 hos
665 964 715 997 illi
738 965 822 998 mihi
847 966 1003 998 videntur
1026 965 1179 1006 indicari,
1204 966 1262 1011 qui
1285 967 1363 998 nul-

223 1028 261 1061 lis
294 1039 484 1072 corporeae
521 1034 663 1058 naturae
696 1026 878 1061 obstaculis
904 1027 1070 1066 hebetati,
1114 1028 1174 1060 sed
1208 1027 1364 1060 omniurn

220 1088 402 1122 visibilium
431 1086 574 1129 gloriam
604 1087 829 1132 supergressi,
858 1088 894 1120 in
923 1089 998 1122 sola
1021 1089 1085 1122 sibi
1107 1088 1272 1133 sapientia
1297 1088 1363 1122 Dei

221 1160 254 1184 et
278 1152 382 1184 verbo
407 1147 477 1195 ejus
501 1147 635 1182 vivendi
659 1162 770 1189 usum,
794 1150 1059 1195 exercitiumque
1080 1159 1279 1194 posuerunt,
1304 1150 1362 1194 qui

221 1225 430 1257 corporeum
454 1209 539 1243 nihil
563 1209 760 1255 requirunt,
784 1210 870 1244 nihil
892 1211 1033 1244 rationis
1058 1210 1218 1245 alienum.
1267 1210 1361 1244 Con-

220 1274 400 1319 cupierunt
423 1273 515 1306 enim
538 1271 755 1316 sapientiam,
788 1273 1036 1318 concupierunt
1057 1282 1268 1307 secretorum
1293 1273 1361 1307 Dei

219 1334 445 1377 agnitionem:
476 1344 509 1367 et
538 1334 599 1367 ubi
614 1332 651 1378 ⁴)
684 1343 732 1367 est
766 1347 826 1367 cor
858 1347 996 1374 eorum,
1027 1335 1076 1368 ibi
1099 1345 1148 1368 est
1165 1335 1201 1378 ⁵)
1235 1344 1266 1367 et
1289 1335 1361 1367 the-

218 1411 336 1430 saurus
371 1409 502 1429 eorum.
564 1395 622 1429 Isti
661 1408 740 1437 ergo
774 1396 1017 1429 haereditatem
1051 1408 1125 1428 non
1162 1396 1290 1428 habent
1324 1396 1360 1429 in

217 1458 333 1498 terris,
367 1458 427 1491 sed
451 1455 753 1502 supergrediuntur
783 1470 916 1490 summa
947 1456 1037 1490 coeli
1066 1456 1213 1499 fastigia,
1251 1466 1282 1490 et
1311 1456 1360 1490 ibi

217 1533 352 1565 semper
383 1518 419 1551 in
449 1518 624 1557 Domino,
659 1530 795 1562 semper
824 1518 860 1550 in
890 1518 994 1550 verbo
1027 1516 1118 1562 ejus,
1156 1531 1290 1563 semper
1323 1518 1359 1551 in

217 1579 391 1627 sapientia,
416 1589 449 1613 et
471 1580 506 1613 in
530 1580 705 1624 voluptate
728 1579 888 1612 scientiae
913 1579 984 1624 ejus
998 1578 1259 1614 deliciabuntur.
1293 1579 1359 1613 Hic

218 1643 258 1677 iis
288 1642 401 1682 cibus,
433 1641 500 1674 hoc
526 1640 587 1674 erit
617 1642 801 1685 poculum,
830 1639 911 1673 istae
943 1640 1096 1680 divitiae,
1127 1641 1194 1673 hoc
1218 1642 1282 1675 erit
1305 1653 1358 1674 re-

217 1718 334 1749 gnum.
380 1703 481 1736 Tales
506 1715 584 1745 ergo
610 1712 718 1741 erunt,
746 1711 777 1734 et
802 1702 837 1735 in
861 1701 900 1734 iis
925 1711 1025 1735 erunt
1043 1702 1103 1743 illi,
1129 1701 1251 1746 quibus
1274 1702 1358 1734 hae-

218 1766 341 1800 reditas
375 1765 448 1810 ipse
481 1764 654 1797 Dominus
692 1764 763 1796 erit.
812 1763 882 1806 Qui
913 1773 1026 1797 autem
1061 1763 1240 1797 inferiores
1267 1772 1356 1803 sunt,

216 1841 279 1862 nee
309 1828 347 1862 in
369 1828 472 1860 istum
495 1826 714 1870 profectuum
737 1825 898 1858 verticem
919 1835 1165 1869 pervenerunt,
1198 1824 1354 1859 haeredi-

215 1899 319 1923 tatem
350 1899 461 1923 terrae
491 1886 678 1932 accipient,
712 1887 790 1920 licet
812 1886 1020 1921 sublimioris
1045 1885 1202 1932 alicujus,
1235 1896 1266 1920 et
1289 1899 1353 1931 po-

308 2044 343 2087 ¹)
369 2043 440 2077 Cfr.
465 2056 514 2078 eV.
537 2042 664 2075 Joann.
691 2043 729 2082 V,
753 2044 806 2077 22.

305 2098 343 2143 ²)
369 2099 455 2131 Cod.
479 2098 585 2131 sancti
598 2098 1039 2134 TheodericiRhemensIs:
1062 2100 1292 2140 „ducuntur.“
1307 2098 1347 2131 R.

213 2165 257 2171 —
280 2145 369 2179 Edd.
394 2143 550 2176 Merlini:
582 2144 854 2183 ,‚adducuntur.“

304 2199 341 2243 ³)
365 2199 454 2232 Edd.
478 2198 636 2231 Merlini:
661 2199 872 2233 nominatur.

303 2254 341 2299 ⁴)
365 2253 435 2287 Cfr.
461 2253 582 2286 Matth.
606 2253 664 2294 VI,
695 2255 748 2290 21.
846 2254 882 2298 ⁵)
907 2254 996 2289 Edd.
1021 2253 1176 2289 Merlini:
1208 2253 1279 2287 erit.
