1427 2460
183 63 249 98 134
669 62 847 97 OfflGl-:Ms

183 153 281 187 citata
306 163 386 186 sunt
408 153 520 192 nobis,
543 162 665 197 puteus
689 162 747 193 est,
773 164 804 187 et
830 155 941 188 omnis
963 153 1066 187 simul
1082 150 1250 200 seriptum
1273 157 1323 190 le-

181 215 240 257 gis,
264 224 296 248 et
319 214 585 260 prophetarum:
607 214 810 257 Evangelica
835 229 975 261 quoque
999 225 1100 261 atque
1124 217 1322 261 Apostolica

180 276 348 321 scriptura
370 276 473 309 simul
499 275 615 309 omnia
638 289 728 309 unus
759 286 807 310 est
831 287 968 319 puteus,
1004 291 1106 323 quem
1137 291 1210 312 non
1239 291 1321 324 pos-

181 347 260 371 sunt
282 338 416 378 fodere,
439 339 490 370 vel
515 340 692 379 excudere,
714 338 778 372 nisi
801 339 1017 373 inveniantur
1040 352 1145 381 reges,
1170 350 1202 374 et
1224 342 1320 386 prin-

180 401 282 442 cipes.
329 399 420 432 Vere
445 399 535 433 enim
559 398 670 443 reges,
701 409 734 433 et
756 414 834 434 vere
864 401 1036 446 principes
1060 402 1211 436 habendi
1233 412 1322 443 sunt,

182 460 240 505 qui
264 471 408 505 possunt
431 463 566 495 auferre
594 471 721 496 terram
754 463 799 496 de
821 471 944 507 puteo,
968 464 1038 497 hoc
1062 473 1126 504 est,
1161 477 1322 498 amovere

176 523 392 568 superficiem
416 524 543 564 literae,
568 533 599 557 et
623 525 666 558 de
688 523 851 557 interiore
873 533 981 568 petra,
1003 525 1063 558 ubi
1086 524 1240 560 Christus
1263 535 1322 567 est,

177 584 369 629 spirituales
391 599 506 620 sensus
531 587 621 619 velut
645 599 768 631 aquam
793 586 902 619 vivam
920 587 1086 631 proferre.
1124 588 1219 621 Haec
1239 600 1332 630 ergo·

178 648 289 680 facere
313 649 412 682 decet
435 661 493 682 eos
516 643 630 688 solosss
655 648 714 693 qui
740 649 793 681 vel
816 661 909 690 reges
932 657 1029 688 sunt,
1052 649 1104 681 vel
1127 649 1318 695 principes:

161 721 270 751 .reges
293 722 331 742 ex
360 723 402 743 eo
428 709 526 751 dicti,
551 711 647 755 quod
677 710 807 756 peccati
842 723 983 752 regnum
1015 724 1052 743 ex
1083 724 1232 757 corpore
1254 726 1317 746 suo

177 771 390 815 depulerint,
427 786 459 805 et
501 772 645 818 justitiae
674 760 816 816 regumn
850 771 1044 816 paraverint
1081 772 1117 806 in
1156 773 1320 807 membris

175 832 250 866 suis.
297 833 408 867 Decet
432 834 522 867 enim
548 848 627 868 eum
651 835 778 868 docere
801 843 950 874 ceteros,
988 833 1046 878 qui
1077 834 1171 879 prius
1200 834 1319 868 feeerit

174 895 257 939 ipsa,
282 907 369 939 quae
394 897 505 929 docet.
552 897 610 930 Sic
628 896 718 929 enim
734 896 900 940 scriptum
925 886 1085 940 est‚'q‘uia
1109 896 1191 940 „qui
1206 896 1240 941 ¹)
1265 897 1316 929 fe-

175 955 274 995 cerit,
298 966 331 990 et
355 957 513 991 docuerit
542 958 589 991 sic
614 958 783 997 homines,
814 957 868 990 hic
899 969 1041 998 magnus
1071 957 1252 991 vocabitur
1279 957 1316 991 in

173 1029 278 1058 regno
304 1020 515 1054 coelorum.“
552 1020 721 1062 Magnum
745 1029 858 1053 autem
883 1032 953 1052 esse
976 1019 1012 1053 in
1037 1032 1154 1062 regno,
1178 1020 1246 1053 hoc
1270 1029 1318 1054 est

172 1091 284 1120 regem
310 1093 388 1114 esse.
433 1081 726 1124 „Excuderunt²)
757 1094 856 1121 eum,
885 1080 1016 1125 inquit,
1048 1093 1140 1123 reges
1165 1081 1317 1123 gentium

171 1141 207 1173 in
232 1154 337 1183 Regno
361 1155 443 1182 suo,
483 1143 564 1175 dum
598 1143 861 1176 dominarentur
890 1142 962 1177 iis.“
1027 1143 1079 1176 Re
1108 1144 1202 1191 snim
1238 1157 1317 1177 vera

169 1215 242 1235 non
265 1213 409 1248 possunt
431 1205 553 1237 fodere
576 1214 718 1249 puteum
741 1203 854 1243 istum,
877 1217 941 1237 nee
964 1205 1106 1239 latentes
1134 1219 1244 1250 aquae
1267 1206 1317 1240 vi-

171 1277 229 1297 vae
253 1278 355 1299 venas
378 1266 529 1311 apti-ire,
563 1265 627 1299 nisi
662 1266 756 1311 prius
788 1265 1004 1300 dominatum
1041 1266 1213 1304 tenuerint
1236 1279 1318 1309 gen-

169 1327 254 1360 tium
278 1328 517 1361 barbararum.
573 1327 689 1360 Omne
726 1327 834 1367 enim,
867 1327 1030 1372 quicquid
1061 1329 1097 1362 in
1132 1328 1315 1362 iisset-um

167 1388 233 1420 fuit
255 1388 292 1421 in
319 1388 468 1427 actibus,
499 1388 663 1434 quicquid
695 1389 730 1421 in
761 1389 915 1423 moribus
938 1389 1145 1429 barbarum,
1179 1389 1205 1423 si
1231 1391 1316 1423 edo-

168 1448 328 1489 muerint,
353 1458 385 1483 et
408 1448 615 1495 subjecerint
647 1450 739 1492 regio
763 1451 894 1490 sensui,
932 1460 964 1483 et
996 1451 1165 1484 dominati
1187 1450 1315 1485 fuerint

169 1510 226 1551 iis,
254 1510 300 1545 ita
332 1521 369 1544 ut
400 1512 444 1547 de
469 1521 582 1545 cetero
615 1526 688 1546 non
714 1513 904 1554 gentiliter,
941 1514 999 1546 sed
1031 1512 1180 1554 legitime
1203 1523 1314 1556 agant,

169 1573 223 1605 isti
253 1583 331 1606 sunt
361 1586 438 1607 vere
471 1561 566 1615 reges
599 1575 774 1619 profunda
805 1574 899 1619 putei
937 1575 1116 1614 rimantes,
1154 1584 1187 1608 et
1218 1575 1313 1608 verbi

168 1634 237 1667 Dei
260 1648 384 1668 arcana
409 1648 447 1667 ac
470 1635 609 1682 mystica
634 1646 895 1680 perscrutantes.

257 1697 291 1733 3,
315 1696 399 1730 Post
422 1698 506 1731 haec
540 1707 593 1738 „et
610 1698 646 1741 ³)
672 1712 690 1730 a
723 1707 850 1742 puteo,
886 1698 1015 1743 inquit,
1052 1698 1200 1743 profecti
1235 1702 1323 1731 sunt'

167 1758 252 1801 in4)
275 1758 507 1798 Mafflanaim,
541 1769 572 1793 et
604 1774 622 1793 a
645 1759 859 1793 Mathanaim
884 1760 919 1792 in
942 1759 1118 1800 Nahafiel,
1144 1769 1176 1793 et
1199 1773 1218 1793 a
1242 1760 1312 1792 Na'-

167 1820 268 1853 haliel
291 1820 327 1853 in
353 1820 524 1869 Bamoth7
559 1831 591 1855 et
621 1836 639 1855 a
664 1815 815 1856 Bamo'th
848 1821 884 1854 in
907 1812 1053 1862 nemuss
1083 1823 1180 1867 quod
1203 1831 1252 1856 est
1274 1822 1311 1856 in

166 1895 289 1927 eampo
315 1883 445 1922 Moab,
481 1896 499 1916 a
531 1883 654 1917 vertice
684 1884 811 1918 montis
844 1883 982 1923 excelsi,
1018 1882 1077 1928 qui
1109 1883 1245 1928 respicit
1266 1884 1313 1916 ad

164 1943 286 1976 faciem
311 1945 466 1978 deserfif‘
520 1945 669 1978 Nomina
705 1947 808 1986 haec,
843 1958 930 1991 quae
966 1944 1126 1978 videntur
1147 1946 1310 1978 locorum

166 2017 235 2038 esse
259 2007 445 2045 vocabula,
478 2018 515 2038 ex
547 2006 775 2048 significantiis
797 2008 886 2048 suis,
921 2020 1003 2052 quas
1027 2007 1064 2040 in
1089 2006 1202 2049 lingua
1226 2020 1310 2052 pro-

257 2143 291 2186 ¹)
315 2141 434 2175 Manh.
461 2143 498 2183 V,
528 2144 576 2177 19.
674 2146 710 2190 ²)
735 2146 835 2179 Num.
863 2145 960 2186 XXI,
985 2146 1038 2182 18.

257 2200 296 2240 ³)
323 2199 424 2233 Num.
449 2198 546 2240 ΧΧῘ,
572 2200 624 2234 18.
649 2200 702 2234 19.
726 2202 780 2235 20.
1014 2210 1017 2214 ’

256 2256 290 2298 ⁴)
316 2256 542 2291 Desideratur
567 2256 646 2297 ‚,in“
671 2256 705 2289 in
731 2258 783 2290 ed.
809 2257 846 2289 R.

1333 1806 1348 1824 a
1394 1793 1399 1825 ἦ
