1427 2460
184 91 230 125 26
665 94 843 127 OmGEms

185 190 234 215 est
256 182 397 215 Ruben:
422 182 562 216 Simeon
586 185 764 224 secundus,
788 183 901 218 tertius
925 184 1020 217 Levi:
1048 194 1079 217 et
1099 193 1316 218 assumuntur

184 242 220 275 in
245 243 491 288 primogenitos
506 244 540 284 ii,
565 245 623 289 qui
640 255 759 280 natura
774 261 846 280 non
860 257 937 280 sunt
950 246 1176 291 primogeniti.
1209 247 1318 279 Num-

185 304 267 349 quid
292 305 374 338 haec
401 306 436 338 in
460 307 532 348 lege
555 306 622 339 Dei
647 308 755 341 otiose
777 309 901 353 scripta
926 322 993 342 esse
1013 309 1221 342 credendum
1246 308 1318 342 est?

183 367 240 399 An
264 367 347 400 illud
374 368 495 401 edocet
518 382 600 408 nos,
633 371 727 413 quod
761 372 853 415 apud
879 371 991 404 Deum
1016 385 1088 404 non
1112 371 1161 404 illi
1188 370 1318 417 primo-

184 428 286 468 geniti
310 430 516 470 habeantur,
550 431 607 475 qui
632 444 798 475 corporea
823 432 994 466 nativitate
1017 434 1236 477 praecedunt,
1259 432 1319 465 sed

183 489 217 529 ii,
244 504 329 534 quos
354 491 531 535 proposito
558 494 676 526 mentis
701 494 863 537 inspecto,
888 495 981 528 Deus
1002 495 1073 539 ipse
1101 494 1135 527 in
1162 493 1319 527 ordinem

182 552 434 596 primitivorum
457 554 586 600 judicat
610 555 852 589 assumendos?
899 556 957 588 Sic
981 556 1071 589 enim
1095 557 1188 601 apud
1205 555 1319 588 Deum

183 614 293 647 Jacob
311 616 345 659 ¹)
368 617 536 661 posterior
561 628 642 650 natu
666 618 910 662 primogenitus
935 617 1099 663 judicatus
1124 627 1181 658 est,
1206 627 1237 650 et
1259 618 1321 649 be-

183 677 394 713 nedictiones
425 679 647 725 primitivatus
661 680 696 723 ²)
720 680 952 724 procurata3)
985 679 1143 713 divinitus
1174 679 1321 724 parentis

185 740 344 773 caecitate
371 741 526 786 suscepit.
582 742 634 774 Ex
663 742 844 787 proposito
880 741 1004 774 etenim
1045 743 1176 781 cordis,
1225 740 1320 786 quod

184 801 263 835 Deo
289 803 406 846 patuit,
433 805 533 836 etiam
558 803 758 849 priusquam
783 803 818 837 in
842 805 910 837 hoc
934 805 1066 837 mundo
1091 812 1322 843 nascerentur,

185 873 243 896 aut
266 864 394 908 aliquid
425 876 562 908 agerent
592 867 677 900 boni
707 867 761 899 vel
786 867 885 906 mali,
917 867 1119 911 pronuntiat
1149 865 1321 898 Dominus

185 926 229 958 de
252 925 301 965 iis,
326 926 403 971 quia
433 927 565 967 „Jacob
579 927 615 972 ⁴)
648 928 766 968 dilexi,
801 928 892 962 Esau
928 938 1039 961 autem
1077 929 1159 961 odio
1185 928 1323 960 habui.“

184 987 265 1020 Filii
290 1001 368 1030 ergo
403 987 483 1021 Levi
506 989 726 1034 primogeniti
756 990 892 1035 quidem
923 1004 995 1023 non
1027 1000 1105 1023 sunt
1133 990 1322 1023 secundum

185 1063 333 1090 carnem,
356 1052 415 1083 sed
437 1064 502 1096 pro
527 1051 760 1096 primogenitis
785 1062 1016 1086 assumuntur:
1046 1061 1085 1084 ut
1114 1051 1156 1085 sit
1179 1051 1324 1096 amplius

185 1112 316 1158 aliquid
339 1125 402 1157 pro
427 1114 658 1157 primogenito
685 1114 818 1154 assumi,
845 1127 947 1159 quam
971 1106 1238 1158 primogenitum
1262 1126 1324 1146 na-

185 1175 242 1207 sci.
289 1174 458 1218 „Ecce,⁵)
482 1175 609 1219 inquit,
642 1175 781 1208 assumsi
811 1175 940 1208 Levitas
970 1189 1007 1208 ex
1032 1176 1148 1208 medio
1172 1175 1326 1209 filiorum

184 1235 318 1269 Israel.“
365 1236 431 1269 Dic
454 1236 666 1282 simpliciter:
703 1237 843 1270 assumsi
869 1237 997 1271 Lex-itas
1030 1251 1067 1270 ex
1101 1237 1178 1270 filiis
1211 1237 1324 1271 Israel.

188 1297 283 1341 Quid
309 1308 354 1331 est
379 1300 473 1343 quod
498 1298 612 1338 addis,
649 1309 680 1332 et
711 1300 754 1331 de
777 1298 891 1332 medio
918 1299 1068 1332 filiorum
1092 1298 1223 1333 Israel?
1271 1299 1326 1331 De

187 1373 257 1404 quo
282 1360 421 1393 medio?
467 1361 603 1393 Tertius
632 1370 678 1394 est
701 1361 799 1401 Levi,
838 1370 876 1393 ut
905 1374 1005 1405 supra
1040 1361 1203 1400 diximus,
1238 1359 1327 1393 inter

185 1421 274 1455 filios
302 1422 416 1455 Israel.
478 1423 534 1455 De
567 1436 636 1467 quo
669 1435 747 1464 ergo
779 1423 895 1456 medio
939 1432 1153 1455 assumantur
1180 1421 1327 1463 Levitae,

185 1497 346 1529 cuperem
370 1485 463 1518 scire.
509 1485 649 1518 Invenio
674 1484 708 1517 in
735 1484 920 1528 Scripturis
943 1485 1076 1517 beatam
1101 1483 1193 1516 illam
1211 1483 1324 1518 Suna-

185 1546 407 1590 mitidem,⁶)
441 1559 527 1591 quae
557 1547 685 1578 aluerat
716 1545 900 1590 aliquando
926 1547 1149 1590 prophetam,
1181 1558 1326 1590 respon-

186 1611 324 1642 dentem
350 1622 427 1641 cum
453 1607 577 1642 fiducia
601 1607 670 1650 regi
694 1606 814 1647 Israel,
844 1607 972 1640 volenti
997 1607 1060 1641 sibi
1087 1606 1217 1651 aliquid
1243 1619 1326 1639 con-

186 1673 276 1704 ferre
308 1671 482 1711 beneficii,
526 1679 558 1703 et
590 1670 779 1703 dicentem:
811 1668 868 1708 „in
885 1669 921 1714 ⁷)
953 1668 1069 1701 medio
1103 1668 1226 1713 populi
1258 1668 1328 1701 mei

187 1748 249 1777 ego
274 1734 424 1767 habito.⁸‘
479 1731 636 1777 Amplius
659 1741 782 1771 autem,
809 1741 840 1764 et
862 1729 1132 1773 magnificentius
1154 1730 1191 1763 in
1213 1728 1328 1762 Evan—

188 1798 276 1839 gelio
300 1796 400 1829 video
425 1795 589 1839 scriptum
615 1794 658 1826 de
681 1792 838 1826 Domino
865 1801 897 1825 et
921 1791 1098 1825 Salvatore
1120 1800 1251 1832 nostro,
1277 1789 1328 1823 di-

285 1926 319 1970 ¹)
345 1925 415 1958 Csr.
443 1924 565 1957 Genes.
588 1921 716 1954 XXVI.
741 1920 886 1953 XXVII.

279 1982 316 2026 ²)
343 1982 456 2015 Codd.
489 1977 726 2018 Ebroicensis,
759 1975 970 2010 Turonensis
1002 1983 1034 2008 et
1063 1972 1330 2007 Bellovacensis:

187 2029 428 2075 „primitivasf‘
451 2027 492 2059 R.

282 2084 320 2128 3)
345 2083 431 2116 Cod.
449 2082 554 2115 sancti
572 2078 801 2113 Theodorici:
828 2084 1057 2123 „procurante
1073 2073 1246 2108 divinitate
1269 2087 1330 2119 pa—

189 2130 293 2164 rentis
318 2128 500 2162 caecitate“
525 2135 587 2158 etc.
613 2125 652 2157 R.

283 2184 320 2230 ⁴)
345 2184 491 2217 malach.
517 2183 542 2222 Ι,
566 2184 600 2216 2.
619 2173 653 2215 ’3.
748 2180 786 2223 ⁵)
810 2179 912 2211 Num.
937 2176 996 2218 111,
1022 2176 1076 2210 12.

284 2241 321 2287 ὅ)
346 2240 435 2273 Edd.
452 2237 613 2271 Merlini:
638 2235 861 2269 sunamitem,

289 2298 324 2342 ⁷)
348 2297 379 2330 11
402 2297 505 2337 Regg.
532 2293 589 2332 lv,
616 2292 666 2326 13.
691 2291 757 2335 (lv
781 2288 904 2332 Regg.)
