1427 2460
170 101 221 124 ΧΠ
597 99 874 127 PROLEGOMENA.

168 181 278 226 nique
300 183 450 215 catenae
472 182 743 228 manuscriptae
772 182 809 216 in
832 181 1031 217 Leviticum
1060 180 1297 226 fragmentum

167 253 339 288 graecum
371 242 522 288 Origeni
551 243 779 286 adscribunt,
816 244 915 289 quod
946 253 1098 278 numero
1137 242 1296 277 secundo

168 303 341 338 homiliae
366 307 516 338 octavae
536 305 701 350 apprime
723 306 932 351 respondet.
977 303 1104 339 Nullus
1123 314 1210 351 ergo
1235 304 1298 338 du-

166 353 306 400 bitandi
328 365 433 400 locus
459 370 524 407 est,
548 366 634 411 quin
656 376 742 399 vere
767 366 935 411 Origenis
960 366 1040 401 sint.

254 427 331 460 Nec
355 437 572 473 quemquam
595 437 745 462 movere
770 428 895 469 debet,
927 429 1024 473 quod
1055 437 1226 473 graecum
1250 435 1297 460 ex

166 486 319 521 homilia
357 489 517 524 secunda
556 489 593 523 in
629 488 829 523 Leviticum
869 489 1108 535 fragmentum
1143 488 1299 523 habetur

164 549 391 584 Philocaliae
414 551 535 596 capite
558 550 697 596 primo,
729 551 832 595 cujus
855 562 901 585 ne
925 551 1067 597 apicem
1092 550 1236 595 quidem
1259 549 1297 583 in

165 611 318 645 homilia
351 611 486 646 latinae
524 612 715 655 editionis,
741 613 916 654 secunda,
959 612 1087 646 aliisve
1120 611 1296 659 reperias.

163 673 255 707 Nam
287 673 323 718 1)
350 673 429 717 quis
455 659 557 708 certo
584 674 774 709 adfirmare
797 673 928 720 possit,
952 684 1026 708 non
1049 683 1094 707 ea
1116 673 1298 719 particula

163 735 389 769 decurtatam
417 738 454 769 et
475 735 676 770 mutilatam
709 736 822 771 fuisse
849 735 942 770 hanc
966 735 1155 770 homiliam
1180 745 1202 768 a
1223 733 1298 768 Ru-

161 795 252 839 fino,
290 807 397 842 quem
431 796 526 832 infra
556 798 748 842 genuinum
778 798 924 832 illarum
953 798 1190 844 interpretem
1216 805 1298 830 esse

160 858 425 904 probabimus?
471 860 509 904 2)
533 859 713 894 Homilias
749 859 918 905 Origenis
952 871 1022 906 pro
1057 860 1297 905 interpretum

161 919 457 954 studiosorumve
493 919 602 955 libitu
630 921 743 955 variis
772 921 892 956 modis
927 921 1041 956 fuisse
1073 920 1232 955 selectas
1262 923 1298 954 et

162 981 360 1024 ordinatas,
385 981 620 1027 diversasque
643 983 789 1017 illarum
805 983 918 1018 fuisse
934 982 1186 1023 collectiones,
1211 990 1299 1026 qua.-

159 1052 239 1076 rum
264 1042 359 1090 aliae
383 1043 597 1088 pauciores,
634 1045 728 1079 aliae
751 1043 876 1090 plures
899 1045 1071 1079 homilias
1092 1042 1298 1084 habuerint,

159 1113 206 1137 ex
231 1114 275 1138 eo
300 1105 491 1150 probatur,
515 1109 591 1140 tum
622 1107 719 1150 quod
730 1107 844 1141 Jonas
857 1106 1128 1141 Aurelianensis
1153 1104 1298 1151 episco-

157 1175 227 1210 pus
261 1165 326 1200 lib.
350 1167 374 1200 Ι.
407 1167 452 1200 de
481 1167 712 1201 Institutione
746 1168 871 1203 laicali
905 1179 983 1214 cap.
1010 1170 1042 1203 5.
1068 1178 1115 1201 ex
1143 1163 1298 1201 homilia

159 1226 329 1271 Origenis
353 1226 390 1261 in
402 1227 602 1262 Leviticum
618 1228 738 1274 prima
758 1230 997 1275 fragmentum
1014 1228 1176 1270 exhibet,
1200 1228 1299 1273 quod

158 1286 358 1321 hodiernae
383 1288 563 1323 editiones
594 1289 631 1324 in
655 1292 815 1326 secunda
838 1295 977 1326 tantum
999 1293 1297 1337 repraesentatum

159 1352 236 1381 tum
261 1349 359 1392 quod
383 1360 466 1384 cum
490 1350 646 1385 homilia
670 1356 800 1397 quarta
823 1353 922 1387 dicat
946 1352 1135 1397 Origenes,
1161 1362 1209 1386 se-
1217 1352 1297 1396 jam

158 1420 271 1455 supra
294 1410 338 1444 de
360 1410 467 1446 lineis
481 1413 644 1448 vestibus
669 1424 781 1459 saepe
804 1413 933 1458 egisse,
958 1417 993 1447 et
1016 1412 1171 1448 homilia
1193 1416 1300 1447 sexta

158 1471 316 1516 sparsim
352 1483 393 1506 se
425 1477 461 1507 et
492 1485 604 1521 saepe
637 1475 680 1509 de
713 1475 994 1509 consecratione
1025 1475 1230 1510 sacerdotis
1261 1478 1299 1509 et

159 1532 332 1568 unctione
355 1534 585 1577 disseruisse,
609 1536 701 1570 nihil
723 1540 844 1571 tamen
868 1537 1050 1581 ejusmodi
1072 1537 1110 1572 in
1129 1536 1298 1583 superio-

159 1594 263 1629 ribus
289 1599 425 1638 exstet3
456 1600 533 1631 tum
557 1597 713 1643 denique
737 1599 836 1644 quod
867 1609 949 1632 cum
979 1598 1154 1634 homiliae
1176 1598 1214 1632 in
1235 1598 1298 1632 Je-

156 1656 310 1691 remiam
335 1658 381 1692 ab
406 1658 632 1704 Hieronymo
657 1659 770 1695 latine
792 1660 974 1703 redditae,
1005 1660 1080 1694 alio
1107 1658 1236 1694 ordine
1259 1658 1296 1692 in

157 1718 318 1753 editione
341 1718 456 1753 lat-ina
471 1720 690 1756 collocatae
704 1722 775 1757 sint
793 1733 900 1767 quam
924 1722 960 1756 in
978 1721 1169 1756 codicibus
1193 1730 1297 1766 grae-

157 1778 222 1822 cis,
246 1780 312 1814 ubi
326 1782 436 1815 modo
462 1767 598 1826 p'lures,
623 1784 735 1818 modo
761 1784 959 1829 pauciores
983 1782 1297 1818 numerovhaben-

155 1844 233 1883 tur,
267 1841 365 1876 idem
399 1843 562 1878 homiliis
593 1845 631 1878 in
662 1845 862 1880 Leviticum
897 1845 1097 1890 contigisse
1129 1844 1297 1890 proclive

159 1906 215 1936 est
239 1903 472 1947 existimare,
505 1906 700 1951 variasque
728 1906 874 1941 illarum
905 1907 1019 1941 fuisse
1043 1894 1294 1946 collectiones,

157 1963 194 1997 in
219 1975 370 2008 quarum
404 1976 477 2000 una
508 1967 705 2001 secundum
735 1968 893 2003 tenuerit
921 1968 1054 2002 locum:
1080 1966 1162 2009 illa,
1199 1967 1295 2001 unde

158 2026 297 2070 prodiit
319 2026 546 2062 Philocaliae
570 2029 828 2074 fragmentum,
851 2030 1132 2074 homilia,quae
1156 2028 1202 2063 ab
1227 2029 1294 2063 ho-

160 2087 285 2122 dierna
310 2088 414 2122 abest
438 2089 669 2126 collectione.

251 2149 375 2195 Objici
409 2151 519 2186 etiam
555 2155 681 2197 potest
714 2152 806 2187 istas
844 2151 1017 2187 homilias
1051 2152 1161 2187 etiam
1199 2151 1295 2186 inter

160 2209 277 2245 libros
304 2212 420 2246 sancti
445 2212 575 2257 Cyrilli
600 2213 746 2249 haberi:
777 2215 890 2257 „Sed,
914 2214 1029 2259 iuquit
1050 2213 1294 2248 Bellarminus

162 2273 207 2307 de
231 2273 363 2319 Script.
388 2274 517 2310 eccles.
542 2286 634 2310 num.
657 2278 755 2317 225.,
786 2285 872 2310 vere
897 2274 1067 2320 Origenis
1090 2278 1190 2316 sunt,
1218 2283 1291 2309 non
