1427 2460
14 54 40 105 ἐξ
360 75 398 100 m
420 66 599 99 Nummos
624 63 785 97 HommA
801 64 863 100 ΧΙ,
1112 61 1180 96 109

53 158 266 192 curatoribus
291 165 402 198 agunt,
427 164 460 188 et
482 153 662 193 actoribus,
685 163 717 186 et
730 154 887 186 nondum
907 165 1013 198 usque
1028 154 1071 187 ad
1085 167 1178 187 sum-

0 232 2 249 ι
50 233 142 253 mam
181 228 320 252 aetatem
356 214 571 262 perfectionis
604 225 776 248 venerunt.
839 215 875 248 Si
913 228 1060 260 quorum
1097 229 1177 249 vero

29 301 32 312 .
52 281 157 314 corda
180 279 357 322 diligenter
380 277 528 317 exculta,
561 285 594 310 et
625 277 669 310 ad
691 279 880 322 perfectum
904 277 1069 322 perducta
1090 286 1179 318 sunt,

0 356 5 365 ²
52 343 114 375 hos
136 351 296 386 tanquam
321 339 445 373 electos
470 347 502 372 et
524 337 727 384 praecipuos
744 351 782 372 ex
803 338 920 372 ceteris
938 338 1102 384 primitias
1125 341 1179 372 of-

34 405 164 437 ferunt
185 400 340 447 pontifici
363 411 497 441 magnO.
551 399 712 445 Denique
733 400 933 441 invenimus,
955 399 1068 445 ipsum
1093 400 1182 434 Cor-

1 465 3 467 ’
27 463 191 503 nelium,
214 471 396 507 antequam
421 461 611 495 doctrinam
634 461 728 495 verbi
750 462 836 502 Dei,
867 462 918 494 vel
947 462 1087 504 gratiam
1117 463 1179 495 ba-

0 497 35 539 2!

0 540 6 558 s
27 545 30 559 5
51 524 166 570 ptismi
188 524 372 568 susciperet
395 535 414 556 a
438 523 553 563 Petro,
576 522 707 556 audisse
722 522 756 568 ¹)
780 524 824 556 ab
844 524 976 565 angelo,
1000 523 1078 568 quia
1104 536 1180 556 ora-

0 600 7 618 i
26 561 75 598 η’
51 586 160 619 tiones
183 583 254 631 ejus
277 593 309 617 et
332 585 564 632 eleemosynae
588 585 839 618 adscendissent
863 585 907 617 ad
931 585 1064 626 Deum,
1087 586 1181 619 unde

0 662 7 680 ;
52 656 84 680 et
105 660 167 692 per
190 647 303 692 ipsum
326 647 482 688 angelum
506 646 638 679 videtur
660 646 738 679 Deo
762 646 932 691 primitiae
956 647 1091 680 oblatus
1114 659 1182 681 esse

0 724 9 742 :a
53 707 244 744 Cornelius.
294 707 479 742 Possumus
515 716 627 741 autem
659 707 771 741 dicere
801 709 901 742 etiam
931 709 973 741 de
998 707 1119 748 Petro,
1152 717 1184 741 et

4 793 8 799 .
50 769 161 802 Paulo
184 770 369 814 ceterisque
391 769 582 814 Apostolis,
619 771 714 814 quod
744 779 776 803 et
798 769 863 816 ipsi
886 769 1095 803 credentium
1121 782 1185 815 per

2 851 14 864 ι
34 819 35 822 l
53 843 88 864 se
111 830 275 875 primitias
299 831 456 871 offerant,
480 831 564 864 sicut
588 831 670 880 dicit
680 830 717 876 ²)
743 832 935 876 Apostolus,
960 832 1038 876 quia
1062 832 1105 864 ab
1122 832 1182 865 Je-

52 892 197 926 rusalem
220 892 255 925 in
280 892 422 926 circuitu
451 905 559 937 usque
590 894 633 926 ad
663 893 838 941 Illyricum
870 893 1048 938 repleverit
1071 893 1184 931 Evan-

11 967 14 976 <
53 952 177 995 gelium
202 952 337 993 Christi,
361 964 394 987 et
415 954 459 987 ita
482 954 725 999 praedicaverit
747 954 987 998 Evangelium,
1021 969 1094 988 non
1123 956 1184 989 ubi

0 1032 15 1050 ι·
53 1014 246 1048 nominatus
270 1023 318 1048 est
340 1014 510 1055 Christus,
544 1029 588 1049 ne
617 1029 722 1061 super
749 1015 898 1050 alienum
921 1016 1184 1052 fundamentum

0 1062 34 1132 l
55 1076 257 1112 aedificaret.
314 1077 452 1109 Intuere
481 1088 560 1119 ergo
591 1077 738 1111 Paulum
771 1091 889 1112 omnes
913 1091 980 1119 eos,
1011 1091 1097 1123 quos
1122 1080 1186 1112 do-

0 1155 6 1173 e,
15 1116 35 1163 l
57 1138 135 1177 cuit,
159 1136 281 1181 quibus
305 1135 525 1181 praedicavit,
559 1139 617 1182 qui
642 1152 680 1172 ex
703 1139 777 1184 ipso
802 1139 1056 1184 profecerunt
1045 1153 1083 1172 ιιι
1105 1140 1185 1181 fide,

0 1221 6 1233 ,—
31 1172 34 1222 l
56 1207 219 1243 tanquam
242 1199 371 1231 fructus
393 1211 472 1231 suos
497 1199 709 1241 offerentem,
734 1210 766 1233 et
790 1210 1007 1245 quaerentem
1032 1201 1186 1247 quotidie

3 1279 6 1289 v
31 1277 33 1310 5
56 1272 163 1299 novos
186 1272 294 1301 agros,
316 1272 402 1304 quos
428 1260 569 1300 excolat,
592 1270 624 1293 et
646 1275 734 1295 nova
758 1276 849 1302 rura,
874 1275 959 1307 quae
982 1262 1132 1304 seminet,
1155 1273 1188 1297 et

0 1325 33 1347 ω’
58 1321 105 1352 ob
129 1320 196 1353 hoc
220 1320 388 1354 dicentem
412 1321 454 1354 ad
479 1322 662 1365 quosdam:
689 1322 865 1368 „cupio³)
890 1324 979 1357 enim
1005 1324 1118 1357 venire
1142 1325 1185 1358 ad

31 1398 33 1403 ι
57 1393 127 1422 vos,
149 1389 187 1414 ut
209 1380 357 1425 aliquem
380 1383 528 1415 fructum
553 1383 695 1416 habeam
730 1393 762 1417 et
784 1383 820 1416 in
844 1385 956 1424 vobis,
986 1385 1071 1419 sicut
1095 1395 1127 1419 et
1149 1385 1186 1419 in

0 1468 6 1474 .
58 1442 176 1476 ceteris
200 1442 385 1484 gentibus.“
430 1442 574 1484 Intuere,
598 1445 757 1489 inquam,
793 1458 870 1479 eum
902 1459 939 1480 ex
962 1446 1002 1481 iis
1027 1448 1186 1483 omnibus

1 1531 5 1534 .
55 1503 222 1537 fructibus
245 1504 351 1537 electa
375 1517 530 1550 quaeque
550 1506 751 1549 signantem,
790 1516 821 1540 et
853 1507 1022 1542 dicentem
1046 1511 1089 1543 de
1112 1510 1187 1555 qui-

0 1589 4 1604 <
56 1565 220 1606 busdam,
251 1565 338 1599 sicut
358 1580 460 1612 supra
485 1566 647 1608 diximus,
679 1567 759 1613 quia
787 1578 865 1602 sunt
888 1569 1056 1614 primitiae
1079 1570 1188 1612 Asiae,

61 1635 94 1659 et
117 1625 173 1659 alii
195 1626 410 1672 primitiae4)
433 1628 590 1669 Achaiae,
616 1638 649 1662 et
664 1629 873 1672 singularum
896 1644 1109 1677 quarumque
1131 1645 1185 1666 ec-

60 1686 236 1721 clesiarum
260 1688 382 1731 eligere
404 1690 586 1735 primitias,
609 1700 641 1724 et
665 1692 790 1725 offerre
803 1692 892 1726 Deo.
939 1693 1051 1727 Habet
1075 1703 1188 1728 autem

60 1747 208 1782 fortassis
239 1749 370 1795 aliquos
402 1759 434 1784 et
463 1750 718 1796 primogenitos.
772 1752 887 1787 Credo
923 1764 1056 1796 autem,
1093 1756 1188 1801 quod

59 1809 184 1843 habeat
212 1819 246 1843 et
273 1811 406 1857 aliquos
435 1812 614 1846 inferiores
645 1814 787 1854 horum,
826 1816 961 1860 quos⁵)
988 1829 1101 1861 neque
1122 1830 1187 1861 pro

59 1870 302 1914 primogenitis,
324 1873 384 1907 sed
405 1886 471 1917 pro
495 1873 633 1908 decimis
653 1874 762 1920 possit
777 1876 912 1910 offerre.
949 1877 1020 1911 Sed
1038 1885 1070 1911 et
1085 1891 1188 1913 unus-

156 2037 191 2082 ¹)
214 2039 304 2073 Edd.
325 2040 484 2074 Merlini:
507 2041 638 2076 audisse
661 2054 697 2075 se
719 2042 763 2075 ab
786 2044 918 2085 angelo.
932 2062 977 2068 —
992 2044 1065 2077 Act.
1087 2043 1132 2084 X,
1154 2044 1189 2082 4,

154 2093 192 2138 ²)
216 2094 317 2129 Rom.
339 2097 420 2138 XV,
444 2096 497 2131 19.
521 2097 574 2131 20.
669 2097 707 2142 ³)
729 2097 830 2131 Rom.
855 2097 881 2139 I,
903 2098 958 2133 13.

155 2148 192 2194 ⁴)
216 2150 231 2182 1
257 2150 336 2186 Cor.
361 2153 452 2194 XVI,
475 2155 529 2188 15.

156 2204 203 2257 ⁵).
217 2205 305 2240 Cod.
327 2207 538 2243 Belvacensis
561 2209 695 2253 (itemq.
720 2208 796 2241 edd.
819 2207 908 2252 Μ.)·
938 2223 1047 2255 „quos
1075 2223 1188 2256 neque

29 2262 31 2284 ἐ
63 2261 127 2293 pro
151 2250 316 2295 primitiis,
339 2265 451 2298 neque
472 2267 537 2299 pro
562 2253 806 2299 primogenitis,
830 2254 910 2287 sed“
935 2264 997 2289 etc.
1023 2255 1062 2290 R.
