1427 2460
330 62 366 86 m
390 52 569 86 Nummos
593 50 753 85 Humum
770 51 864 84 XXI.
1112 54 1179 88 259
1218 37 1223 44 ⁴

42 146 154 180 cunda
171 141 443 178 dinumeratione
459 141 667 184 diceremus;
689 141 748 175 sed
764 141 968 177 conveniens
979 151 1036 183 est,
1055 143 1176 177 omissa

41 208 92 241 vel
118 206 248 240 exclusa
271 216 362 238 nunc
386 203 539 237 reddere.
587 202 692 244 Igitur
714 215 776 247 per
798 212 1016 248 praeceptum
1033 203 1178 237 Domini

40 268 154 314 primo
177 274 372 300 numeratus
397 274 444 298 est
465 263 637 309 populus,
669 265 727 297 sed
752 264 917 309 quoniam
940 264 1000 304 illi,
1025 264 1082 310 qui
1106 266 1176 310 pri-

40 318 99 363 mo
138 329 273 363 fuerant
313 325 447 366 adsciti,
489 325 685 359 ceciderunt
723 335 866 371 propter
894 327 1179 370 perseverantiam

42 390 262 427 delictorum,
291 388 461 421 secundus
481 386 516 431 ¹)
546 399 637 420 nunc
661 387 831 432 populus,
862 386 919 432 qui
943 387 978 421 in
1003 388 1176 432 lapsorum

40 451 155 487 locum
179 447 324 482 rediviva
349 446 567 492 generatione
578 448 745 489 successit,
769 457 909 481 vocatur
924 449 967 483 ad
982 462 1178 489 numerum,

40 521 72 546 et
95 511 189 556 quod
213 511 256 544 de
279 509 346 544 illis
369 509 542 555 prioribus
565 508 694 544 dictum
712 523 784 543 non
808 511 938 550 suerat,
962 510 1005 543 de
1028 509 1067 544 iis
1094 509 1177 543 dici-

38 582 102 608 tur.
149 571 273 606 Postea
297 571 388 605 enim
415 583 514 616 quam
540 582 603 615 per
625 570 732 605 tribus
758 579 790 604 et
811 571 943 615 plebes,
974 572 1177 616 domosque,

38 647 77 668 ac
99 633 242 668 familias
267 633 427 667 collectus
452 642 498 667 est
521 644 702 673 numerus,
734 631 815 664 dicit
832 632 1005 666 Dominus
1029 633 1071 666 ad
1096 633 1176 667 Μο-

38 709 115 731 sen:
146 694 265 738 „iis²)
288 694 510 735 distribuetur
531 703 620 727 terra
643 692 678 726 in
702 701 848 734 sortem,
880 706 918 726 ex
942 706 1087 727 numero
1112 707 1176 727 no-

39 756 181 791 minum.
227 756 388 790 Pluribus
422 757 522 800 plura
553 756 728 788 dabuntur
757 753 792 787 in
822 762 969 795 sortem,
999 763 1032 788 et
1054 755 1177 798 exiguis

40 817 192 861 exiguam
207 816 302 851 dabis
318 816 591 851 haereditatem.“
627 815 665 849 Si
689 816 731 848 de
750 814 924 860 prioribus
946 815 1075 849 dictum
1095 817 1176 850 fuis—

38 888 106 919 set,
139 878 217 924 quia
249 877 289 911 iis
322 878 543 912 distribuetur
572 874 661 911 tetra
687 876 723 909 in
746 885 891 917 sortem,
913 877 1037 910 falsum
1061 877 1177 924 utique

37 940 171 981 fuisset,
194 939 273 985 quia
297 939 494 973 ceciderunt
516 939 566 972 illi
588 939 625 973 in
650 939 783 972 deserto
809 947 951 984 propter
971 938 1092 973 delicta
1105 954 1176 974 sua.

39 1001 149 1046 Quod
173 1014 253 1044 ergo
277 1000 395 1046 primis
418 1014 490 1035 non
514 1009 562 1033 est
585 1000 724 1041 dictum,
748 999 927 1045 postremis
943 999 1077 1040 dicitur,
1102 1001 1177 1046 qui—

38 1063 102 1098 bus
132 1072 164 1097 et
198 1072 337 1103 cuncta,
368 1075 456 1108 quae
486 1061 744 1107 promittuntur,
759 1050 913 1105 'impleta
941 1071 1029 1095 sunt.
1083 1062 1176 1096 Haec

39 1133 153 1158 autem
176 1124 261 1157 nolo
285 1132 383 1168 putes
397 1123 503 1157 solius
522 1122 789 1161 historiaQtextu
807 1122 978 1156 concludi.
1015 1122 1176 1170 Mysteria

0 1227 1 1233 ἵ
39 1194 128 1227 sunt,
151 1198 239 1230 quae
258 1198 321 1230 per
344 1185 424 1228 legis
441 1184 619 1227 imaginem
637 1184 911 1218 conscribuntur.
956 1184 1177 1230 Reprobatur

0 1242 2 1252 ¹
38 1247 129 1281 enim
145 1245 243 1292 prior
265 1247 431 1291 populus,
448 1246 507 1291 qui
531 1255 579 1280 est
602 1247 637 1280 in
663 1245 939 1280 circumcisione:
964 1255 996 1279 et
1018 1245 1177 1280 introdu-

39 1309 126 1342 citur
156 1308 342 1348 secundus,
374 1307 432 1352 qui
456 1317 681 1350 congregatur
704 1320 742 1340 ex
766 1305 937 1350 gentibus,
959 1315 1001 1348 ‘et
1023 1306 1096 1352 ipse
1120 1317 1177 1347 est,

38 1370 98 1416 qui
129 1369 372 1403 haereditatem
405 1367 625 1413 consequitur
653 1377 840 1413 paternam.
886 1367 931 1400 Et
954 1381 973 1400 a
999 1381 1067 1412 quo
1094 1381 1177 1401 con—

37 1429 215 1477 sequitur?
246 1430 326 1463 Non
351 1430 394 1463 ab
418 1429 528 1470 Mose,
551 1429 611 1463 sed
635 1430 678 1463 ab
698 1428 791 1463 Jesu.
827 1430 915 1462 Nam
940 1428 1056 1463 Moses
1076 1429 1177 1463 etiam

37 1492 64 1527 si
94 1493 152 1526 dat
182 1491 353 1536 aliquibus
384 1491 644 1532 haereditatem,
674 1504 746 1524 non
778 1492 834 1525 dat
863 1490 952 1524 intra
974 1489 1177 1532 Jordanem,

38 1566 102 1588 nec
131 1553 251 1588 transit
282 1553 424 1588 omnino
449 1554 658 1593 Jordanm,
689 1553 749 1586 sed
782 1563 872 1587 extra
896 1553 1088 1587 Jordanem
1120 1553 1178 1587 dat

39 1624 185 1657 terram,
226 1627 301 1648 non
344 1615 507 1663 fluentem
549 1615 636 1649 lacte
670 1624 704 1648 et
737 1615 857 1655 melle,
898 1614 958 1648 sed
992 1613 1176 1659 pecoribus

40 1686 166 1722 aptam,
189 1685 222 1710 et
240 1686 335 1710 muta
352 1675 522 1717 animalia,
546 1685 647 1721 atque
670 1675 883 1710 irrationales
895 1677 1043 1721 pecudes
1057 1675 1177 1710 melius

40 1751 143 1783 quam
173 1737 355 1772 rationales
385 1737 543 1772 homines
572 1738 789 1771 nutrientem.
839 1737 937 1771 Jesus
968 1749 1050 1772 vero
1082 1750 1176 1771 meus

41 1800 192 1833 seeundo
216 1799 351 1844 populo
370 1808 493 1834 terram
520 1812 622 1844 quam
647 1800 715 1840 dat,
739 1809 827 1834 terra
852 1808 900 1834 est
922 1799 1009 1831 lacte
1029 1808 1061 1831 et
1076 1799 1177 1833 melle

42 1860 167 1902 fluens,
190 1860 261 1895 imo
284 1862 379 1895 favus
402 1860 512 1895 mellis
535 1870 583 1895 est
605 1874 686 1906 prae
711 1861 805 1894 omni
829 1870 928 1894 terra.
975 1860 1019 1894 Et
1034 1859 1071 1903 ³)
1095 1860 1175 1894 Mo-

136 1982 172 2026 ι)
197 1982 286 2016 Cod.
306 1982 411 2017 sancti
425 1982 637 2016 Theoderici
654 1982 872 2017 Rhemensis:
896 1983 1067 2023 „secundo
1084 1995 1175 2015 nunc

40 2027 200 2073 populuS,
225 2026 306 2073 qui“
333 2037 393 2061 etc.
417 2027 458 2062 R.

131 2082 169 2127 ²)
192 2083 295 2117 Num.
318 2083 447 2124 XXVI,
471 2083 525 2118 53.
549 2084 604 2118 54.

131 2138 171 2182 3)
198 2137 284 2172 Cod.
326 2138 432 2172 sancti
463 2138 674 2174 Theudorici
704 2138 920 2174 Rhemensis:
958 2139 1032 2182 „Et
1061 2140 1176 2175 Moses

42 2183 178 2227 quidem
202 2182 445 2217 haereditatem
469 2197 540 2217 non
564 2184 599 2216 in
625 2185 729 2225 clero,
753 2197 863 2230 neque
888 2194 979 2219 sorte
996 2186 1176 2225 distribuit,

42 2240 103 2261 nec
126 2237 240 2273 potest
261 2229 379 2273 plebes
389 2233 407 2247 ‘¹
434 2238 500 2277 ⁶⁸⁰1
516 2229 560 2263 R.

833 2292 909 2324 17*
