1427 2460
212 97 281 132 330
699 94 876 127 Omossms

212 195 473 220 summarentur.
520 184 709 228 Propterea
735 197 814 225 ergo
839 191 1014 216 transeunt
1033 181 1214 214 nobiscum
1230 183 1348 215 armati

214 250 256 282 ad
281 249 470 293 proelium,
501 256 533 279 et
557 246 674 291 juvant
696 259 760 279 nos
787 246 829 278 ad
852 244 1145 286 belligerandum,
1177 243 1222 276 ad
1244 256 1348 288 expu-

211 311 366 352 gnandos
390 307 554 341 inimicos.
616 307 686 341 Sed
716 307 767 340 illi
795 316 987 346 transeunt,
1026 304 1085 350 qui
1113 305 1232 338 armati
1261 314 1349 345 sunt,

212 372 271 416 qui
296 371 357 404 viri
380 372 484 404 fortes
507 379 583 403 sunt
609 379 642 402 et
663 367 834 414 potentes:
865 367 989 401 caeteri
1011 380 1112 408 vero,
1135 366 1252 409 ignava
1276 380 1349 400 ma-

212 447 276 466 nus
301 443 332 466 et
355 432 513 471 imbellis,
537 440 716 464 remanent
740 441 830 463 extra
852 431 1049 465 Iordanem.
1097 429 1135 463 Si
1159 428 1218 474 qui
1235 438 1349 462 autem

210 494 247 526 in
271 493 350 538 ipsis
373 492 435 526 viri
459 495 563 526 fortes
586 502 684 535 sunt,
719 492 842 526 relictis
872 491 1074 524 animalibus
1105 500 1138 524 ct
1166 490 1349 536 pecoribus

213 565 246 589 et
288 555 449 588 omnibus
490 554 760 600 impedimentis,
806 562 960 599 pugnant
1000 554 1180 587 adversum
1216 552 1348 586 hostem

211 617 411 657 nobiscum,
434 630 542 661 usque
567 631 636 662 quo
660 617 839 649 vincantur
859 613 990 648 inimici
1012 613 1130 654 nostri,
1152 627 1259 659 usque
1280 627 1350 659 quo

213 680 455 713 haereditatem
480 688 590 713 terrae
613 680 743 719 bonae,
776 687 887 711 terrae
915 675 1025 711 mellis
1049 676 1212 721 lactisque
1235 676 1348 721 capia-

212 756 297 775 mus.
345 741 431 785 Quis
455 741 546 774 enim
570 741 718 781 dubitat,
749 741 845 785 quod
874 738 979 772 sancti
1010 738 1138 784 quique
1159 747 1294 783 patrum
1318 747 1348 771 et

213 804 425 838 orationibus
448 816 513 836 nos
538 803 670 848 juvent,
708 812 740 836 et
772 811 944 844 gestorum
977 813 1121 834 suorum
1145 801 1350 834 confirment

213 876 314 911 atque
338 866 519 898 hortentur
542 865 712 909 exemplis,
734 864 793 897 sed
815 873 847 897 et
869 861 1103 895 voluminibus
1123 862 1192 896 suis
1214 875 1277 907 per
1299 874 1348 904 ea,

211 941 299 973 quae
326 928 428 961 nobis
459 927 503 960 ad
533 925 736 959 memoriam
767 925 891 970 scripta
921 924 1151 968 reliquerunt,
1188 925 1349 957 docentes

210 1004 290 1029 nos,
317 998 350 1022 et
371 989 593 1029 instruentes,
616 988 796 1033 quomodo
822 987 998 1020 adversum
1021 984 1176 1019 inimicas
1199 994 1350 1030 potesta-

210 1061 260 1084 tes
285 1051 519 1084 dimicandum
543 1050 602 1089 sit,
632 1059 665 1083 et
692 1050 872 1093 quomodo
901 1060 1050 1089 agonum
1074 1048 1254 1080 toleranda
1277 1060 1349 1080 cer-

211 1112 362 1146 tamina?
405 1112 563 1153 Pugnant
587 1124 667 1153 ergo
692 1124 757 1156 pro
781 1109 894 1149 nobis,
917 1118 950 1142 et
972 1108 1036 1153 ipsi
1058 1108 1225 1142 incedunt
1246 1109 1350 1154 primi

211 1185 287 1209 ante
309 1188 372 1208 nos
397 1172 528 1206 armati.
576 1172 670 1217 Ipsos
689 1173 781 1205 enim
803 1185 867 1205 nos
892 1171 1054 1204 habentes
1077 1171 1122 1204 ad
1145 1171 1349 1216 exemplum,

212 1248 244 1271 et
267 1238 417 1270 videntes
442 1249 560 1268 eorum
585 1248 648 1279 per
671 1234 830 1280 spiritum
853 1232 955 1267 sortia
979 1234 1084 1274 facta,
1109 1246 1284 1266 armamur
1306 1235 1350 1267 ad

212 1300 382 1344 proelium
416 1297 607 1342 spirituale,
643 1306 675 1329 et
706 1298 865 1329 adversus
895 1294 1082 1341 spiritualia
1114 1294 1286 1339 nequitiae
1312 1295 1348 1328 in

212 1361 415 1395 coelestibus
440 1359 651 1392 dimicamus.
697 1359 755 1392 Sic
779 1357 944 1403 denique,
975 1357 1034 1401 qui
1062 1356 1126 1390 sub
1147 1355 1231 1390 Jesu
1261 1357 1349 1391 duce

209 1423 372 1462 militant,
396 1421 531 1463 triginta
557 1430 588 1453 et
612 1433 653 1453 eo
678 1420 824 1465 amplius
848 1432 941 1461 reges
963 1417 1154 1462 perimunt,
1187 1426 1220 1451 et
1242 1427 1347 1452 terras

209 1498 330 1519 eorum
354 1493 446 1517 sorte
469 1481 683 1515 haereditatis
707 1481 887 1525 accipiunt.
934 1479 1097 1524 Depulsis
1113 1491 1263 1524 namque
1277 1480 1347 1524 spi-

209 1546 388 1598 rituaIIbus
412 1544 570 1588 nequitiis
594 1545 637 1576 de
661 1543 875 1582 coelestibus,
902 1542 1144 1575 haereditatem
1158 1540 1253 1583 regni
1269 1554 1347 1575 coe-

209 1609 299 1642 lestis
323 1622 342 1641 a
365 1606 447 1640 Jesu
473 1606 627 1638 Domino
652 1614 771 1638 nostro
796 1604 1000 1651 percipiunt.

300 1670 332 1704 7.
378 1669 494 1702 Potest
511 1677 541 1700 et
564 1667 681 1700 tertius
704 1667 818 1699 adhuc
841 1665 1058 1711 expositionis
1083 1664 1188 1698 videri
1210 1666 1346 1705 modus,

210 1742 249 1765 ut
273 1732 309 1764 in
332 1731 408 1765 filiis
434 1730 546 1769 Israel,
570 1728 606 1761 id
631 1738 688 1768 est,
714 1728 749 1761 in
772 1717 908 1773 populo
933 1727 1095 1761 ecclesiae
1115 1726 1347 1769 intelligantur

211 1793 351 1839 quidam
376 1805 444 1827 esse
467 1791 668 1836 spirituales,
693 1800 725 1824 et
747 1791 835 1824 intra
857 1790 1048 1823 Jordanern
1066 1788 1244 1833 percipere
1265 1790 1346 1822 hae-

212 1856 389 1889 reditatem
412 1863 523 1889 terrae
546 1853 681 1886 fluentis
707 1853 761 1886 lac
786 1861 817 1884 et
839 1853 926 1884 mel:
957 1850 1143 1896 sapientiae
1165 1850 1292 1884 scilicet
1315 1860 1347 1883 et

210 1916 370 1949 scientiae
412 1915 581 1960 capientes
623 1914 857 1953 dulcedinem,
895 1926 1042 1958 quorum
1077 1922 1167 1946 terra
1201 1912 1345 1945 flumine

211 1977 295 2018 Dei,
328 1978 423 2022 quod
447 1978 615 2022 repletum
639 1986 688 2010 est
711 1976 804 2021 aquis
829 1976 964 2009 divinae
992 1974 1248 2017 intelligentiae,
1279 1973 1343 2007 cir—

210 2039 390 2072 cumdatur
413 2048 446 2072 et
469 2039 605 2082 rigatur.
663 2038 730 2071 Alii
762 2047 874 2071 autem
897 2047 976 2071 sunt
1005 2037 1174 2077 carnales,
1207 2034 1267 2081 qui
1289 2034 1342 2081 ju-

210 2100 329 2133 mentis
354 2109 385 2132 et
414 2101 623 2144 pecudibus,
660 2099 695 2132 id
719 2109 785 2139 est,
821 2098 936 2132 crassis
968 2107 1001 2131 et
1029 2098 1161 2132 stolidis
1191 2097 1342 2131 sensibus

211 2161 402 2195 abundant:
421 2161 454 2205 ¹)
478 2161 563 2195 sicut
587 2170 680 2194 erant
704 2161 771 2201 illi,
809 2162 853 2194 de
880 2160 1003 2206 quibus
1033 2160 1168 2195 dicebat
1190 2159 1341 2204 Aposto-

305 2273 340 2315 ¹)
364 2272 452 2306 Edd.
478 2271 633 2306 Mei-tini:
660 2272 880 2306 abundantes.
