1427 2460
514 77 790 104 PROLEGOMENA.
1177 76 1224 101 XV

98 172 256 207 cunque,
286 161 420 205 inquit,
444 160 480 193 in
503 160 746 194 Numerorum
770 157 886 199 libro,
910 157 986 191 sive
1011 156 1223 192 homiletico

98 223 204 266 stilo,
236 223 312 257 sive
344 222 452 256 etiam
480 230 526 254 ex
556 220 630 263 his,
669 229 762 264 quae
786 220 961 263 excerpta
984 216 1224 264 appellantur,

59 313 62 315 .
97 285 235 331 scripta
257 283 472 329 reperimus,
496 281 587 316 haec
597 283 829 327 *perurgente
851 284 888 314 te
899 280 1077 323 Romana,
1100 283 1141 314 ut
1155 291 1223 326 po-

97 347 240 388 tuimus,
264 355 356 379 voce
371 354 417 378 ex
432 343 584 377 diversis
609 343 645 377 in
668 352 777 376 unum
802 341 960 376 collecta
974 342 1224 387 digessimus.“

95 408 186 442 Illud
209 406 305 440 forte
327 406 365 439 in
380 415 489 439 causa
505 407 570 447 est,
596 415 660 439 cur
682 403 719 437 in
737 403 918 448 ejusmodi
936 403 1098 438 homiliis
1116 415 1224 449 quae-

96 469 178 503 dam
203 478 249 502 ex
271 471 439 514 tempore
469 465 723 513 pronuntiata,
758 463 930 498 nommlla
958 475 1047 499 vero
1073 475 1120 499 ex
1144 466 1222 501 otio

95 530 233 575 scripta
263 532 300 563 et
329 528 443 563 fusius
481 529 706 574 pertractata
734 524 932 560 videantur.
991 526 1084 561 Hinc
1114 527 1224 562 etiam

95 591 238 634 accidit,
261 594 302 625 ut
325 590 488 625 neutrius
505 589 629 635 operis
651 591 794 633 tempus
821 590 924 621 certo
944 588 1022 632 jam
1046 588 1225 633 assignari

95 656 213 697 queat.
260 653 299 685 ln
322 652 479 698 prologo
505 650 649 696 quidem
672 653 857 684 tomorum
883 649 1026 684 Cantici
1050 650 1221 685 Cantico-

94 724 193 755 rum,
226 724 317 758 quos
347 714 446 747 inter
465 722 595 746 annum
618 712 695 746 238.
721 714 757 746 et
781 721 911 745 annum
934 712 1010 746 244.
1037 711 1103 746 sub
1130 712 1223 746 Gor-

96 774 202 808 diano
229 773 377 819 scripsit
402 774 591 819 Origenes,
618 773 707 807 citat
730 772 919 819 ἓξηγητικά
943 783 1009 808 sua
1030 772 1068 807 in
1090 773 1223 807 Nume-

94 846 175 869 ros:
213 836 442 880 „quomodo,
468 834 602 879 inquit,
634 834 804 869 disserant
829 845 944 880 opera
975 835 1020 870 ab
1047 835 1222 881 operibus

95 907 246 942 operum
269 897 307 931 in
329 897 570 931 Numerorum
601 895 699 930 libro
732 896 992 940 tractantibus,
1021 900 1134 942 prout
1155 907 1223 943 po-

93 959 242 1001 tuimus,
273 958 408 993 dictum
442 961 497 992 est
527 969 548 992 a
576 956 721 991 nobis.“
781 957 822 991 Id
845 967 956 1002 genus
981 958 1224 994 distinctionis

95 1023 215 1054 exstat
237 1019 392 1053 homilia
416 1019 540 1064 quinta
562 1019 599 1053 in
622 1019 821 1060 Numeros,
854 1020 919 1053 sed
943 1019 1023 1064 quis
1056 1031 1224 1055 asserere

96 1084 221 1125 queat,
252 1081 369 1115 utrius
396 1080 519 1127 operis
542 1091 629 1127 pars
654 1080 702 1114 sit
724 1079 815 1116 haec
838 1080 1030 1127 περικοπή,
1053 1080 1223 1116 homilia-

91 1152 182 1184 rum,
208 1151 253 1175 an
277 1141 529 1176 scholiorum?
575 1142 614 1175 Si
636 1141 879 1184 homiliarum,
905 1142 998 1177 falsa
1022 1146 1077 1177 est
1101 1143 1225 1177 Huetii

96 1202 293 1244 sententia,
328 1202 412 1236 illas
438 1213 562 1237 omnes
595 1213 676 1237 esse
706 1212 752 1236 ex
776 1213 900 1237 earum
930 1213 1101 1247 numero,
1133 1214 1222 1249 quas

93 1263 328 1297 Adamantius
358 1267 445 1309 post
468 1264 597 1298 aetatis
622 1273 709 1297 suae
732 1274 863 1297 annum
887 1265 1153 1310 sexagesimum
1177 1275 1224 1300 ex

94 1327 261 1370 tempore
289 1325 556 1369 pronuntiavit3
594 1324 626 1358 si
653 1324 898 1367 scholiorum,
935 1326 1026 1361 nihil
1057 1327 1224 1371 equidem

88 1385 166 1430 jam
189 1386 345 1427 vetabit,
379 1385 570 1430 quominus
600 1385 775 1420 homiliae
798 1386 835 1420 in
857 1386 1038 1421 Numeros
1060 1398 1223 1433 pronun-

92 1446 204 1481 tiatae
236 1446 507 1489 existimentur,
537 1451 733 1493 postquam
759 1447 936 1492 Origenes
969 1449 1100 1483 aetatis
1134 1459 1223 1485 suae

93 1517 223 1542 annum
250 1508 515 1553 sexagesimum
538 1508 675 1552 attigit,
699 1509 763 1542 sed
786 1509 824 1543 id
846 1520 920 1543 non
943 1514 1046 1544 certo
1072 1511 1223 1554 eruitur,

93 1573 133 1604 ut
155 1570 296 1616 putavit
324 1570 421 1604 idem
446 1569 616 1611 Huetius,
648 1580 693 1604 ex
719 1571 936 1606 duodecima
965 1571 1003 1605 in
1024 1572 1222 1608 Jeremiam

92 1631 253 1666 homilia.
299 1631 354 1666 lbi
379 1631 513 1677 quippe
536 1633 786 1666 tantummodo
813 1633 864 1667 ait
882 1633 1060 1679 Origenes
1084 1646 1135 1678 se,
1158 1635 1223 1669 ubi

92 1692 199 1726 finem
223 1692 367 1727 dicendi
396 1692 564 1734 fecisset,
600 1693 716 1728 adhuc
745 1694 952 1729 locuturum
977 1696 1022 1729 de
1044 1695 1224 1731 Numero-

94 1764 174 1788 rum
196 1754 302 1797 loco,
327 1754 388 1800 qui
413 1754 585 1799 legendus
609 1758 703 1788 erat:
729 1757 827 1800 quod
851 1767 939 1791 sane
961 1767 1035 1791 non
1057 1757 1223 1804 impedit,

96 1815 287 1859 quominus
311 1815 401 1850 alias
432 1816 540 1862 longe
570 1819 677 1851 antea
700 1816 871 1853 homilias
894 1819 931 1853 in
954 1819 1135 1854 Numeros
1158 1818 1222 1853 ha-

93 1875 183 1910 bere
204 1876 376 1921 potuerit.

183 1938 393 1975 In„catenis
424 1939 566 1983 graecis
596 1940 854 1986 manuscriptis
876 1941 979 1976 varia
1001 1941 1067 1976 sub
1094 1941 1223 1987 Orige-

96 1998 152 2032 nis
185 1998 332 2032 nomine
364 1999 668 2036 circumferuntur
697 2001 899 2046 fragmenta
928 2013 1061 2047 graeca
1088 2003 1126 2036 in
1148 2003 1221 2038 Nu-

93 2070 228 2094 meros.
274 2060 330 2095 Ea
351 2071 446 2095 nunc
468 2061 625 2107 primum
647 2062 746 2108 typis
769 2062 945 2108 pleraque
962 2064 1222 2108 mandavimus,

95 2119 183 2155 licet
204 2121 354 2164 incerti,
385 2123 479 2157 unde
502 2122 567 2157 illa
591 2124 875 2170 depromserint,
900 2128 1109 2160 catenarum
1132 2136 1221 2159 con-

96 2182 351 2217 sarcinatores.
398 2183 515 2218 Unum
539 2188 612 2228 est,
638 2186 735 2230 quod
759 2185 918 2231 aliquam
940 2186 1078 2220 habere
1099 2186 1221 2221 videa-

95 2245 155 2277 tur
177 2243 387 2279 affinitatem
411 2256 492 2280 cum
514 2245 601 2282 loco
626 2245 801 2282 homiliae
825 2247 987 2283 decimae
1010 2248 1151 2284 tertiae.
