1427 2460
203 57 272 92 102
687 57 866 91 Omerms

207 147 356 193 lapidem
380 147 566 193 pretiosum
592 148 758 187 multum,
790 156 821 180 et
845 146 999 181 dulciora
1023 160 1125 192 super
1149 148 1218 181 mel
1242 157 1275 181 et
1297 149 1346 181 fa-

208 214 320 247 vum‚“
365 210 437 243 Nisi
462 222 541 252 ergo
566 218 675 243 essent
696 209 827 249 singula
849 208 910 242 ista
937 222 955 242 a
979 218 1085 242 semet
1106 209 1186 254 ipsis
1206 210 1345 249 diversa,

206 284 384 316 nunquam
407 270 524 315 utique
547 269 704 315 proprias
729 270 916 315 unicuique
938 270 1106 315 scriptura
1136 270 1250 304 divina
1282 270 1349 304 dif-

207 332 366 365 ferentias
389 332 572 372 indidisset,
595 341 633 365 ut
657 332 750 365 aliud
775 333 817 365 de
832 333 906 374 lege
926 332 1071 366 Domini
1091 332 1230 373 diceret,
1253 333 1347 366 aliud
1361 374 1368 380 ι

208 394 250 426 de
272 394 455 434 mandato,
487 393 580 427 aliud
606 395 649 427 de
671 392 982 439 justificationibus,
1017 393 1110 427 aliud
1135 396 1177 428 de
1200 393 1346 440 judiciis.

207 453 267 486 Est
291 467 382 497 ergo,
405 464 443 488 ut
467 468 504 488 ex
530 456 580 489 his
596 455 631 500 l)
656 456 883 495 ostendimus,
909 457 1002 489 aliud
1025 457 1096 497 lex,
1128 456 1221 490 aliud
1245 469 1346 501 prae-

209 525 357 560 ceptum,
381 517 473 551 aliud
496 517 749 557 testimonium,
781 518 874 550 aliud
898 516 1108 562 justificatio,
1141 517 1235 551 aliud
1259 515 1348 563 judi-

211 577 312 611 cium.
360 579 429 612 Sed
454 590 485 612 ct
509 579 544 612 in
576 579 649 624 ipsa
679 580 752 621 lcge
785 579 973 612 evidentior
997 579 1123 612 horum
1156 578 1371 612 differentia⁷

212 639 422 682 designatur,
445 641 506 674 ubi
533 641 672 675 dicitur:
704 642 786 674 haec
813 651 858 675 est
882 641 944 681 lex,
970 648 1002 673 et
1026 642 1204 681 mandata,
1237 649 1271 674 et
1293 639 1346 686 ju-

210 702 444 742 stificationes,
468 712 500 736 et
523 713 723 748 praecepta,
753 712 784 735 et
808 703 1017 743 testimonia,
1043 711 1076 735 et
1099 701 1236 748 judicia,
1258 715 1349 747 quae

210 764 383 808 praecepit
405 765 579 798 Dominus
602 765 703 798 Mosi.
746 765 839 798 Cum
867 777 946 806 ergo
979 765 1061 796 haec
1084 764 1130 798 ita
1153 777 1188 798 se
1211 765 1350 803 habere,

211 834 243 857 et
266 826 315 858 his
329 826 365 870 ²)
389 839 406 859 a
431 840 466 861 se
490 826 633 860 invicem
659 827 798 860 differre
830 825 1105 860 distinctionibus
1135 825 1215 868 legis
1245 825 1349 870 ipsius

208 886 408 921 testimoniis
442 890 698 933 approbentur,
741 888 930 930 diligentius
971 889 1133 921 debemus
1173 887 1350 920 intendere

210 948 258 988 iis,
285 962 370 993 quae
394 949 580 983 recitantur
602 950 636 983 in
662 951 752 991 lege,
789 949 869 995 quia
899 949 1008 982 sicubi
1037 949 1216 988 scribitur,
1254 948 1348 980 verbi

209 1011 324 1052 gratia,
349 1012 414 1044 hoc
439 1025 508 1045 esse
530 1012 748 1051 mandatum,
778 1025 850 1044 non
883 1010 1047 1044 continuo
1072 1011 1274 1043 mandatum
1297 1009 1349 1042 lex

211 1072 410 1115 accipienda
435 1082 501 1106 est:
532 1073 585 1106 vel
608 1073 716 1106 sicubi
739 1072 903 1117 scriptum
928 1081 994 1112 est,
1023 1072 1105 1105 istae
1128 1081 1206 1105 sunt
1228 1069 1349 1117 justifi-

211 1132 379 1173 cationes,
402 1147 476 1167 non
501 1134 666 1167 continuo
692 1133 961 1178 justificationes,
995 1142 1052 1166 aut
1076 1133 1146 1173 lex,
1172 1142 1231 1166 aut
1253 1144 1350 1166 man-

212 1195 328 1227 datum
354 1197 527 1239 putandae
549 1205 636 1229 sunt.
676 1195 839 1229 Similiter
864 1204 975 1228 autern
1002 1203 1034 1228 et
1056 1193 1165 1229 sicubi
1187 1194 1350 1239 scriptum

211 1265 260 1289 est
284 1257 525 1296 testimonium,
549 1265 607 1290 aut
630 1255 775 1302 judicia,
805 1269 880 1290 non
904 1258 1044 1291 confuse
1066 1269 1176 1289 unum
1201 1269 1239 1289 ex
1264 1265 1351 1295 eete-

211 1317 266 1356 ris,
289 1319 349 1351 sed
374 1319 541 1352 diversum
575 1319 616 1350 ab
650 1318 721 1351 aliis
753 1320 1028 1363 unumquodque
1051 1318 1267 1352 sentiendum
1292 1327 1348 1351 est.

212 1379 248 1413 Si
275 1392 353 1422 ergo
376 1379 538 1423 scriptum
564 1378 714 1420 legimus,
739 1379 816 1423 quia
841 1380 892 1412 lex
905 1380 942 1424 ³)
965 1381 1125 1414 umbram
1149 1380 1271 1412 habeat
1293 1380 1349 1411 fu-

210 1450 368 1474 turorum
392 1441 586 1480 bonorum,
619 1454 692 1474 non
723 1441 888 1474 continuo
916 1443 1014 1474 etiam
1037 1442 1257 1480 mandatum,
1298 1441 1350 1473 vel

209 1501 364 1547 justitiae,
390 1502 441 1534 vel
465 1501 601 1546 judicia,
625 1502 667 1534 de
691 1501 814 1546 quibus
838 1502 906 1535 hoc
923 1516 996 1536 non
1016 1512 1063 1536 est
1075 1501 1249 1547 scriptum,
1271 1513 1350 1534 um·

210 1564 293 1596 brae
318 1577 386 1596 esse
413 1564 602 1597 credendae
624 1573 702 1596 sunt
725 1565 921 1597 futurorum
946 1565 1133 1598 bonorum.
1178 1562 1350 1608 Denique,

213 1634 251 1658 ut
276 1625 421 1669 exempli
443 1625 547 1667 gratia
571 1639 680 1658 unum
705 1638 875 1670 ponamus
902 1639 939 1658 ex
963 1626 1089 1667 multis,
1115 1637 1187 1658 non
1203 1634 1250 1658 est
1266 1623 1349 1657 scri-

212 1696 326 1730 ptum:
352 1687 420 1719 hoc
445 1696 491 1720 est
514 1688 713 1720 mandatum
744 1687 911 1732 paschae:
935 1688 1011 1721 sed:
1043 1688 1150 1727 „haec
1165 1685 1202 1730 ⁴)
1228 1695 1276 1719 est
1299 1686 1350 1718 lex

213 1748 387 1792 paschae.“
433 1747 478 1780 Et
511 1748 588 1793 quia
619 1748 671 1781 lex
695 1750 819 1794 umbra
851 1758 899 1782 est
928 1750 1123 1782 futurorum
1162 1747 1351 1786 bonorum,

211 1811 263 1843 lex
288 1809 360 1842 sine
385 1808 491 1842 dubio
515 1810 680 1854 paschae,
711 1811 834 1843 umbra
866 1819 913 1843 est
934 1811 1132 1843 futurorum
1163 1809 1349 1842 bonorum.

215 1872 303 1904 Cum
329 1883 407 1912 ergo
433 1870 532 1903 venio
558 1872 600 1904 ad
625 1871 740 1904 locum
767 1871 882 1912 illum,
908 1871 966 1916 qui
991 1872 1034 1905 de
1057 1871 1183 1916 pascha
1207 1869 1351 1914 scriptus

213 1943 269 1972 cst,
294 1933 329 1966 in
343 1932 378 1976 ⁵)
410 1945 496 1974 agno
529 1932 589 1965 illo
623 1933 796 1977 corporali
828 1934 938 1967 debeo
973 1933 1159 1975 intelligere
1190 1932 1350 1965 umbram

214 2007 282 2027 esse
304 1994 410 2027 futuri
433 1993 528 2033 boni,
554 2004 587 2027 et
610 1995 677 2028 hoc
699 1995 841 2036 sentire,
875 1997 971 2040 quod
995 1995 1120 2041 pascha
1132 1994 1169 2039 6)
1193 2002 1351 2028 nostrum

305 2083 340 2126 ¹)
363 2082 451 2116 Edd.
475 2083 632 2117 Merlini:
656 2084 705 2117 iis.
803 2084 840 2128 ²)
864 2083 952 2118 Edd.
979 2083 1134 2117 Merlini:
1158 2084 1206 2118 iis.

302 2138 339 2181 3)
366 2137 435 2171 Cfr.
459 2138 566 2172 Hebr.
592 2139 636 2179 X,
661 2141 691 2173 1.
789 2140 826 2184 ¹²)
850 2140 960 2174 Exod.
983 2139 1061 2180 XII,
1084 2140 1138 2175 43.

301 2194 335 2235 5)
361 2194 448 2227 Cod.
471 2194 700 2228 Bclvacensis:
725 2195 783 2236 „in
808 2210 868 2230 ore
894 2197 954 2230 illo
981 2195 1188 2241 corporali.“
1213 2194 1253 2227 R.

303 2251 338 2293 ⁵)
366 2249 434 2283 Csr.
463 2250 475 2281 I
503 2249 582 2283 Cor.
610 2251 648 2290 V,
673 2252 701 2285 7.
