1427 2460
343 95 379 118 ιΝ
403 85 581 118 Nummos
606 84 767 117 HommA
786 84 846 116 XI.
1095 84 1161 118 115

34 175 236 221 pontificum
259 174 421 220 pontifex,
445 173 490 206 ita
513 181 761 218 consequenter
786 182 817 206 et
840 173 1068 217 primitiarum
1091 173 1162 218 pri-

34 238 147 270 mitiae
171 236 308 270 dicetur.
369 235 467 279 Quae
504 234 674 279 primitiae
706 248 779 267 non
810 233 878 280 jam
903 235 1074 279 pontifici,
1102 235 1163 268 sed

34 301 114 335 Deo
139 300 272 332 oblatae
293 307 382 337 sunt,
404 297 593 331 secundum
617 297 696 337 hoc,
722 297 818 341 quod
831 310 866 330 se
881 297 991 341 ipsum
1016 296 1160 330 hostiam

36 360 159 394 obtulit
181 360 270 399 Deo,
295 369 326 392 et
348 370 487 401 surgens
521 372 537 391 a
561 359 703 391 mortuis
734 358 820 392 sedit
849 358 885 391 in
910 360 1060 391 dextram
1085 358 1161 392 Dei.

34 421 169 454 Dicitur
191 430 304 453 autem
327 422 401 466 ipse
425 430 456 454 et
478 420 664 465 primitiae,
690 430 722 453 et
744 419 988 465 primogenitus
1002 420 1037 464 ¹)
1060 421 1164 454 totius

35 491 225 522 creaturae,
256 483 351 527 quod
381 491 495 515 utrum
524 482 582 515 tali
612 483 720 515 modo
754 495 816 526 per
846 481 991 524 singulas
1016 495 1166 527 quasque

35 553 202 577 creaturas
233 543 376 586 intelligi
405 544 545 583 debeat,
577 543 669 588 quali
698 543 786 577 inter
816 543 973 577 homines
995 543 1165 589 primitiae

36 603 279 638 dormientium
305 604 439 646 dicitur,
459 605 540 650 et2)
561 605 770 647 intelligitur,
783 618 826 638 an
849 605 961 650 aliqua
979 605 1118 639 celsiore
1133 614 1166 639 et

36 665 204 701 diviniore
225 665 454 709 intelligentia,
476 680 548 700 non
565 677 611 701 est
624 667 808 712 praesentis
824 667 987 712 temporis
998 667 1166 712 persequi.

124 728 156 761 5.
204 728 397 762 Redeamus
428 740 507 771 ergo
541 729 584 761 ad
613 728 840 773 primitiarum
862 727 1049 768 rationem,
1085 742 1168 773 quas

1 831 3 835 y
35 788 179 823 diximus
204 790 322 823 offerri
344 802 408 834 per
431 791 579 832 angelos,
604 802 691 835 quae
714 790 920 833 colliguntur
937 803 976 823 ex
995 790 1080 833 agris
1104 790 1169 823 hu-

35 850 88 897 jus
112 851 244 886 mundi.
304 851 386 894 Agri
419 860 532 885 autem
565 853 764 894 angelorum
800 853 903 886 corda
935 861 1051 886 nostra
1079 861 1168 886 sunt.

3 948 5 952 ,
36 912 279 958 Unusquisque
303 925 383 955 ergo
409 926 527 946 eorum
555 925 592 946 ex
617 926 710 956 agro,
732 926 835 958 quem
859 914 949 954 colit,
974 915 1077 948 offert
1099 913 1170 959 pri-

1 982 3 987 “
37 974 146 1010 mitias
178 975 266 1008 Deo.
319 973 392 1007 Etsi
422 986 572 1006 mererer
602 986 664 1016 ego
699 974 804 1008 hodie
826 988 987 1018 maguum
1012 975 1172 1021 aliquem,

6 1062 7 1065 η
40 1045 72 1070 et
94 1050 229 1070 summo
252 1035 416 1082 pontifice
441 1035 580 1078 dignum
603 1049 738 1070 sensum
751 1038 917 1082 proferre,
941 1038 986 1071 ita
1009 1048 1047 1071 ut
1070 1051 1108 1071 ex
1132 1037 1172 1072 iis

2 1115 3 1118 ¹
40 1098 211 1139 omnibus,
235 1110 323 1145 quae
345 1096 522 1141 loquimur
544 1106 575 1129 et
599 1098 781 1138 docemus,
813 1108 895 1131 esset
925 1099 1055 1144 aliquid
1079 1111 1171 1141 egre-

40 1159 150 1202 gium,
187 1159 282 1204 quod
316 1171 452 1192 summo
484 1158 652 1192 sacerdoti
682 1159 818 1203 placere
849 1160 1005 1201 deberet,
1037 1169 1173 1205 poterat

39 1222 182 1254 fortasse
205 1220 296 1260 fieri,
318 1228 356 1252 ut
380 1220 537 1261 angelus,
561 1220 620 1264 qui
643 1230 774 1264 praeest
797 1221 973 1262 ecclesiae,
997 1234 1035 1255 ex
1060 1223 1172 1256 omni-

5 1315 9 1322 ,
41 1282 105 1314 bus
136 1281 231 1314 dictis
260 1280 385 1314 nostris
418 1279 553 1322 eligeret
590 1281 737 1325 aliquid,
774 1291 806 1315 et
836 1282 917 1315 loco
947 1282 1174 1327 primitiarum

5 1344 8 1386 J
39 1341 196 1375 Domino
222 1342 265 1374 de
289 1342 403 1391 agello
421 1342 489 1375 mei
514 1342 627 1375 cordis
652 1344 800 1376 offerret.
845 1344 915 1378 Sed
939 1356 1000 1386 ego
1025 1358 1082 1379 me
1103 1347 1174 1380 scio

39 1416 113 1436 non
136 1402 276 1443 mereri,
305 1416 370 1436 nec
399 1403 554 1437 conscius
585 1417 661 1437 sum
690 1404 795 1445 mihi,
825 1407 920 1450 quod
950 1406 1025 1440 talis
1055 1407 1176 1452 aliquis

40 1477 155 1499 sensus
178 1463 369 1501 inveniatur
397 1465 434 1498 in
465 1477 540 1505 me,
572 1478 674 1510 quem
706 1465 847 1508 dignum
877 1465 1005 1512 judicet
1027 1470 1176 1511 angelus,

7 1518 13 1524 Η
41 1525 101 1571 qui
123 1539 188 1559 nos
211 1525 343 1566 excolit,
367 1526 494 1560 offerre
516 1540 582 1571 pro
605 1526 781 1572 primitiis,
803 1528 856 1561 vel
878 1541 944 1573 pro
967 1529 1177 1574 primogeni-

41 1586 82 1621 tis
106 1586 273 1622 Domino.
326 1590 440 1634 Atque
468 1587 599 1622 utinam
629 1589 696 1622 tale
722 1589 780 1630 sit,
819 1591 915 1635 quod
946 1592 1122 1637 loquimur
1145 1602 1178 1626 et

12 1643 15 1659 ³
45 1649 226 1690 docemus,
260 1658 299 1684 ut
327 1663 402 1684 non
433 1664 499 1695 pro
524 1650 634 1684 verbis
657 1652 782 1686 nostris
804 1653 1028 1687 condemnari
1048 1666 1179 1688 merea-

15 1715 17 1761 J
45 1724 135 1752 mur,
157 1713 330 1746 sufficeret
359 1711 461 1745 nobis
484 1711 577 1747 haec?
599 1712 714 1755 gratia.
776 1712 938 1747 Offerunt
965 1727 1045 1757 ergo
1069 1714 1179 1758 angeli

15 1766 19 1814 ἶ
44 1785 85 1807 ex
106 1773 208 1808 nobis
230 1772 415 1819 primitias,
454 1782 487 1807 et
517 1774 686 1818 exeolit³>
714 1774 947 1820 unusquisque
978 1789 1053 1817 eos,
1091 1789 1179 1822 quos

16 1823 19 1889 Ξ
44 1834 160 1868 studio
186 1843 218 1868 et
241 1834 412 1877 diligentia
434 1848 495 1868 sua
518 1835 562 1868 ab
575 1833 612 1879 ⁸)
644 1834 816 1869 erroribus
837 1836 990 1879 gentium
1014 1838 1180 1872 convertit

44 1897 92 1930 vad
115 1896 246 1930 Deum:
272 1905 305 1929 et
329 1905 376 1931 est
397 1895 631 1942 unusquisque
652 1895 689 1930 in
720 1897 883 1942 portione
905 1899 957 1932 vel
988 1911 1068 1932 cura
1089 1898 1179 1933 illius

147 2019 182 2062 ¹)
208 2018 340 2052 Coloss.
363 2020 388 2060 I,
412 2021 464 2054 15.

142 2074 180 2120 ²)
205 2075 293 2109 Edd.
306 2075 446 2108 Mei-lini
469 2089 668 2121 perperam:
693 2086 725 2109 et
737 2076 934 2119 intelligitur
947 2077 983 2110 in
996 2077 1107 2121 aliqua
1120 2087 1179 2111 etc.

144 2130 182 2173 ³)
206 2131 299 2164 Libri
323 2131 402 2164 editi
426 2131 472 2176 (v.
499 2146 526 2166 c.
552 2133 627 2165 edd.
652 2132 739 2175 M.):
769 2133 989 2173 ,‚excolunt‚“
1019 2134 1076 2166 sed
1101 2134 1181 2167 Mss„

53 2175 227 2214 „excolit.“
250 2176 291 2208 R.

145 2230 181 2273 ¹²)
208 2230 293 2264 Cod.
317 2232 422 2265 sancti
448 2233 674 2267 Theodorici:
713 2235 778 2274 „ab
804 2233 977 2266 erroribus
1001 2231 1181 2274 gentium.“

14 2286 17 2290 ·
58 2272 147 2306 Libri
171 2275 250 2309 editi
273 2277 320 2320 (v.
346 2291 374 2310 c.
399 2279 476 2311 edd.
502 2279 587 2324 Μ.>;
612 2281 676 2320 „ab
701 2279 874 2312 erroribus
898 2278 1032 2314 etiamf‘
1057 2278 1099 2314 R.

930 2340 984 2373 3*
