1427 2460
377 96 412 119 m
438 85 616 119 Nummos
641 83 801 118 Homma
830 84 921 117 XVI.
1152 85 1218 121 195

84 177 182 211 etiam
207 176 311 214 illud,
339 183 392 212 ut,
423 173 480 218 qui
506 175 574 206 vult
600 187 669 207 esse
693 176 880 218 perfectus,
904 187 921 207 a
946 173 1043 206 nullo
1071 173 1138 206 alio
1164 174 1215 207 di-

85 248 165 277 scat,
186 237 250 271 nisi
274 237 315 270 ab
341 249 393 275 eo,
417 236 475 279 qui
498 248 560 279 per
586 235 652 268 Dei
677 235 833 268 virtutem
859 235 960 268 fuerit
985 234 1108 268 electus
1130 248 1215 280 pro-

69 300 204 345 pheta,
227 307 264 330 ut
285 297 449 330 ministret
472 297 616 341 populo.
668 297 721 329 Ait
747 310 845 339 ergo:
875 297 1070 341 „perfectus
1085 297 1118 341 ¹)
1143 306 1213 331 est-0

82 363 119 395 in
143 368 323 403 conspectu
347 358 493 392 Domini
516 357 584 391 Dei
607 358 675 391 tui:
700 367 813 400 gentes
838 357 928 390 enim
953 357 1044 397 istae,
1067 371 1214 402 quarum

72 431 118 456 -ίυ
142 419 384 454 haereditatem
411 419 542 465 cepisti,
577 419 708 463 istae2)
735 419 879 452 audiunt
900 419 1075 460 sortilegos
1106 429 1137 452 et
1161 418 1213 453 di-

80 483 194 516 vinos:
229 480 290 514 tibi
328 490 439 514 autem
476 495 547 514 non
581 481 626 514 ita
665 481 758 514 dedit
790 481 965 514 Dominus
1000 481 1095 514 Deus
1125 490 1213 515 tuus·

80 543 290 588 Prophetarn
316 541 404 575 enirn
438 543 480 576 de
503 542 617 576 medio
644 543 712 583 tui,
743 556 782 575 ex
806 543 965 576 fratribus
989 541 1052 575 tuis
1076 542 1213 575 suscita·

41 600 44 603 ⁴
80 604 131 638 bit
156 604 217 638 tibi
241 604 413 638 Dominus
437 605 533 637 Deus
555 613 650 637 tuus:
685 603 796 649 ipsum
829 603 971 639 audietis
1002 616 1064 647 per
1087 603 1215 643 omnia,

81 679 304 711 quaecunque
335 665 457 710 petiisti
494 677 510 697 a
541 665 697 698 Domino
731 665 809 698 Deo
834 674 894 699 tuo
919 665 953 697 in
981 665 1076 697 Oreb
1100 665 1136 697 in
1159 664 1215 698 die

81 727 260 767 ecclesiae,
293 727 420 770 cum3)
444 726 584 760 dixistis:
616 739 687 759 non
714 739 926 771 apponemus
952 725 1071 759 audire
1096 738 1214 759 vocem

79 788 224 822 Domini
246 789 314 822 Dei
337 787 464 828 nostri,
501 796 531 820 et
561 787 662 820 istum
695 787 808 830 ignem
833 800 994 830 magnum
1023 801 1096 821 non
1119 788 1213 821 vide-

79 851 191 883 bimus
215 851 320 889 ultra,
355 862 399 882 ne
422 848 651 882 moriamur.“
708 849 790 882 Non
823 851 893 883 vult
916 849 1023 882 Deus·
1043 848 1214 883 auditores

79 925 143 945 nos
166 911 239 945 fieri
264 921 296 944 et
320 909 504 955 discipulos
530 911 751 950 daemonum,
772 923 886 955 neque
899 911 982 952 vult,
1007 920 1054 952 ut,
1080 910 1106 944 si
1131 906 1214 955 quid

80 973 238 1006 volumus
271 972 416 1013 discere,
455 972 622 1006 discamus
656 985 674 1005 a
707 972 945 1008 daemonibus.
1012 971 1137 1006 Melius
1167 981 1216 1005 est

81 1033 171 1066 enim
194 1033 373 1075 ignorare,
410 1045 511 1077 quam
545 1047 562 1066 a
596 1033 821 1067 daemonibus
852 1033 999 1067 discere:
1040 1043 1072 1067 et
1095 1032 1215 1067 melius

81 1104 129 1129 est
152 1108 172 1128 a
193 1095 363 1140 propheta
388 1093 532 1135 discere,
570 1107 673 1138 quam
696 1107 715 1126 a
740 1093 859 1128 divinis
882 1094 1064 1139 inquirere.
1118 1094 1216 1128 Divi-

80 1155 174 1189 natio
201 1156 291 1189 enim
314 1169 405 1195 non,
437 1165 475 1188 ut
498 1155 635 1200 quidam
658 1165 797 1200 putant,
828 1155 985 1189 divinitus
1010 1158 1126 1198 datur,
1155 1157 1215 1190 sed

81 1218 203 1260 magis,
228 1225 266 1249 nt
289 1216 374 1250 mihi
397 1217 547 1256 videtur,
570 1229 634 1260 per
658 1215 887 1261 antiphrasin,
910 1215 945 1248 id
972 1226 1035 1255 est,
1067 1229 1106 1249 ex
1132 1229 1215 1249 con-

80 1278 184 1312 trario
208 1291 336 1311 nomen
360 1276 506 1322 accepit,
537 1278 632 1322 quasi
656 1289 741 1322 quae
764 1290 827 1321 per
857 1277 1013 1310 homines
1037 1278 1215 1312 daemoni-

78 1340 142 1373 bus
166 1339 314 1383 repletos
336 1341 403 1373 fiat.
453 1338 522 1371 Sed
548 1337 734 1371 Gentilium
765 1338 847 1371 ritus
873 1337 1025 1376 divinum
1059 1338 1214 1383 credit⁴)

81 1413 200 1442 omne,
227 1401 322 1445 quod
345 1412 408 1444 per
434 1399 709 1444 qualemcunque
731 1398 889 1444 spiritum
913 1401 1098 1444 profertur.
1141 1401 1214 1434 Nos

79 1471 193 1498 tamen
216 1461 302 1496 nihil
325 1462 368 1494 ab
392 1461 431 1495 iis
456 1461 583 1494 discere
600 1461 696 1494 Deus
720 1460 827 1507 jubet,
849 1474 901 1494 ner
918 1461 1107 1494 efficiamur
1130 1474 1214 1495 con-

79 1533 187 1558 sortes
210 1525 384 1569 ipsorum,
418 1532 450 1556 et
473 1522 687 1557 incurramus
710 1523 747 1556 in
772 1536 829 1563 ea,
868 1535 955 1567 quae
978 1522 1093 1556 Esaias
1118 1523 1210 1557 dicit:

81 1585 161 1630 et⁵)
192 1585 467 1619 humiliabuntur
494 1584 530 1617 in
554 1593 642 1618 terra
667 1585 770 1618 verba
793 1593 871 1626 tua,
910 1594 942 1617 et
969 1597 1142 1618 sermones
1164 1584 1213 1617 tui

79 1648 116 1681 in
141 1657 231 1681 terra
255 1648 509 1689 demergentur,
542 1654 575 1679 et
608 1646 670 1679 erit
700 1660 765 1680 vox
789 1656 847 1680 tua
870 1645 957 1679 sicut
979 1645 1147 1690 loquentis
1171 1647 1214 1678 de

80 1716 187 1748 terra,
226 1717 266 1741 et·
287 1709 330 1741 ad
361 1707 483 1742 solium
495 1707 532 1752 6)
564 1721 628 1740 vox
661 1717 719 1740 tua
746 1707 1012 1741 infirmabitur.“
1066 1706 1214 1750 Propter

82 1770 150 1803 hoc
175 1778 208 1802 et
229 1768 404 1803 Dominus
435 1778 551 1803 noster
581 1769 678 1802 Jesus
707 1782 779 1802 non
805 1768 964 1812 dignatur
993 1781 1012 1800 a
1036 1768 1212 1801 daemoni-

82 1832 146 1865 bus
169 1830 323 1875 accipere
348 1830 599 1870 testimonium,
628 1830 688 1864 sed
712 1831 774 1863 ait:
806 1830 1083 1872 „obmutesce‚⁷)
1107 1839 1139 1862 et
1161 1829 1211 1861 exi

178 1931 211 1974 ¹)
234 1931 336 1963 Deut.
361 1930 487 1970 XVIII,
511 1929 674 1965 13-16.

175 1987 212 2030 ²)
235 1987 325 2019 Edd.
349 1985 508 2019 Merlini:
535 1986 596 2019 isti.

173 2043 210 2087 ³)
233 2043 323 2078 Edd.
346 2042 504 2075 WIerlini:
530 2055 607 2074 cum
632 2041 801 2074 dixissetis.

175 2098 213 2142 ⁴)
235 2098 324 2131 Edd.
349 2097 506 2131 Merlini:
530 2097 681 2131 credidit.

176 2154 211 2196 ⁵)
232 2152 331 2187 Jesai.
356 2152 487 2193 XXIX,
510 2155 541 2188 4.
690 2153 727 2196 ⁶)
751 2152 840 2187 Edd.
864 2150 1020 2186 Merlini:
1045 2152 1169 2186 solum.

176 2209 212 2252 ⁷)
239 2208 310 2242 Cfr.
341 2209 448 2243 Marc.
472 2209 498 2249 Ῑ,
521 2209 575 2243 25.
599 2209 677 2244 coll.
702 2208 782 2244 Luc.
808 2208 865 2247 IV,
888 2207 944 2242 35.
975 2226 1016 2233 -
1045 2208 1132 2242 Edd.
1159 2208 1206 2240 M.

88 2264 118 2286 et
144 2253 183 2286 R.
205 2255 267 2294 „ab
294 2258 364 2288 ea.“

872 2336 946 2369 13*
