1427 2460
190 75 237 109 30
673 72 850 106 Oaffizms

192 163 281 196 filios
304 161 402 203 LevI,
426 161 483 207 qui
506 160 698 195 ministrant
721 162 818 203 Deo,
855 171 886 195 et
909 162 1005 196 altari
1030 160 1100 208 ejus
1122 161 1322 196 tabernacu-

192 226 298 270 loque
321 223 530 264 deserviunt,
566 223 781 269 excubiisque
809 223 981 269 perpetuis
1003 222 1187 258 ministeria
1210 222 1323 257 dIvina

195 286 448 321 concelebrant.

283 349 316 382 4.
341 347 409 380 Sed
435 355 466 379 et
491 347 584 390 quod
609 346 670 379 ait:
700 361 786 392 „pro
805 346 838 392 ¹)
871 346 965 380 omni
988 346 1235 391 primogenito,
1266 346 1326 392 qui

193 409 348 453 adaperit
377 409 550 441 vulvam:“
581 422 655 441 non
686 409 769 443 mihi
800 410 898 442 facile
929 409 1061 442 videtur
1086 408 1201 442 disseri
1224 421 1326 454 posse

196 481 228 504 et
258 470 440 515 explanari.
500 470 620 514 'Neque
651 469 740 503 enim
773 470 968 515 quicunque
997 471 1150 515 adaperit
1182 471 1326 510 vulvam,

195 534 359 565 continuo
386 531 504 573 dignus
528 531 794 565 sanctificatione
824 531 1045 576 primitivatus
1068 533 1244 566 habendus
1269 539 1328 572 est,

197 594 274 639 quia
306 603 337 626 et
360 592 395 625 in
420 593 556 637 psalmis
579 594 738 640 legimus,
762 595 856 639 quod
881 593 1038 633 „alienati
1049 593 1085 639 ²)
1107 603 1185 628 sunt
1207 606 1327 639 pecca-

194 666 286 689 tores
323 668 341 687 a
376 655 492 695 vulva,
529 666 725 689 erraverunt
756 670 772 690 a
802 666 932 698 ventre,
969 654 1074 688 locuti
1105 664 1184 688 sunt
1214 655 1326 688 falsa.“

198 716 306 760 Quod
331 716 450 761 utique
471 725 557 750 stare
579 719 768 753 secundum
797 718 926 751 literam
951 718 1049 751 nullo
1074 717 1181 750 modo
1205 726 1326 762 potest.

197 778 389 822 Quomodo
424 778 524 811 etiam
554 779 628 823 quis
657 793 768 813 errare
800 793 818 813 a
849 780 900 812 via
932 779 999 813 Dei
1022 779 1136 824 potuit
1159 778 1270 812 statim
1294 788 1332 812 ut
1374 788 1378 793 ’

197 841 240 873 de
262 849 378 873 ventre
402 840 518 874 matris
541 840 660 874 exivit?
707 843 781 875 Aut
809 840 988 886 quomodo
1018 841 1131 886 potuit
1158 841 1247 874 falsa*
1271 841 1327 873 lo-

197 902 256 947 qui
279 914 390 946 nuper
423 903 529 936 editus
558 915 661 947 puer,
699 904 751 936 vel
785 903 1060 948 qualemcunque
1082 903 1238 947 proferre
1259 915 1329 936 ser-

196 962 362 997 monem?
410 962 499 996 Cum
530 977 608 1006 ergo
641 965 851 1010 impossibile
882 964 940 1004 sit,
966 965 1016 997 vel
1042 977 1154 997 errare
1179 964 1328 1008 aliquem

197 1039 216 1059 a
240 1034 365 1065 ventre,
387 1026 439 1058 vel
462 1025 559 1070 loqui
578 1025 672 1066 falsa,
693 1027 918 1060 necessarium
944 1025 1005 1060 erit
1036 1035 1067 1059 et
1089 1035 1240 1059 ventrem
1251 1049 1266 1066 ‚,
1297 1034 1330 1059 et

197 1088 331 1120 vulvam
360 1087 463 1119 talem
493 1087 638 1132 requiri,
670 1087 724 1121 cui
756 1088 938 1122 convenire
970 1087 1076 1132 possit
1098 1088 1166 1120 hoc
1191 1087 1331 1127 dictum,

199 1150 293 1194 quod
317 1148 523 1194 „aliena1i³)
552 1159 632 1182 sunt
661 1160 854 1194 peccatores
879 1151 922 1183 ab
947 1159 1064 1190 utero,
1090 1140 1287 1182 erraverunt
1311 1162 1330 1182 a

197 1221 325 1251 ventre,
347 1211 453 1244 locuti
477 1220 555 1244 sunt
576 1211 691 1245 falsa.“
741 1211 787 1244 Et
809 1211 867 1244 illa
895 1211 955 1244 erit
977 1212 1091 1254 vulva,
1122 1224 1225 1256 quam
1249 1212 1331 1244 ada-

197 1273 287 1319 perit
309 1272 420 1306 omnis
442 1272 650 1317 primitivus,
674 1273 731 1318 qui
755 1273 980 1308 sanctificatur
1012 1273 1101 1306 Deo.
1147 1273 1335 1317 Adaperuit

200 1335 385 1379 aliquando
409 1334 506 1367 Deus
529 1336 663 1367 vulvam
688 1334 827 1379 Liae,⁴²)
867 1347 952 1379 quae
977 1343 1047 1368 erat
1072 1335 1193 1374 clausa,
1218 1344 1249 1368 et
1271 1347 1333 1379 pe-

198 1396 289 1441 perit
308 1395 535 1441 patriarchas,
572 1397 726 1430 similiter
756 1405 788 1429 et
819 1396 963 1436 Rachel,
1000 1405 1037 1428 ut
1067 1405 1202 1440 pareret
1232 1396 1334 1429 etiam

199 1459 290 1503 ipsa,
327 1457 422 1505 cujus
454 1458 540 1492 visus
571 1467 640 1491 erat
669 1458 866 1503 perspicax,
906 1467 937 1490 et
969 1458 1112 1491 decorus
1144 1458 1332 1503 adspectus.

201 1521 272 1555 Sed
297 1530 328 1554 et
349 1521 385 1554 in
408 1519 522 1553 multis
547 1519 618 1553 aliis
652 1519 849 1564 Scripturae
876 1519 961 1552 locis
990 1519 1139 1552 invenies
1164 1519 1334 1565 adaperiri

200 1583 326 1617 vulvas.
372 1580 529 1625 Quarum
552 1581 580 1615 si
603 1581 731 1622 singula
756 1595 821 1625 pro
841 1581 925 1615 locis
951 1580 1158 1620 consideres,
1185 1580 1335 1615 invenies

201 1644 379 1690 quomodo
413 1653 445 1676 et
476 1652 590 1676 errent
620 1652 815 1687 peccatores
849 1657 867 1676 a
891 1643 1005 1682 vulva,
1029 1651 1061 1675 et
1083 1641 1133 1674 illi
1148 1640 1184 1686 ⁵)
1208 1642 1334 1686 adape-

201 1707 324 1741 rientes
353 1707 505 1745 vulvam,
534 1705 788 1739 sanctificentur
817 1705 899 1749 in5)
928 1705 1049 1738 ordine
1071 1703 1333 1749 primitivorum.

202 1768 315 1813 ,‚Et⁷)
341 1776 441 1801 erunt
463 1766 558 1808 mihi,
580 1767 700 1813 inquit,
723 1766 872 1812 Levitae:
902 1779 1018 1800 mcum
1042 1774 1090 1800 est
1115 1764 1205 1799 enim
1230 1777 1333 1799 omne

298 1934 334 1978 ¹)
357 1935 458 1967 Num.
487 1935 547 1976 III,
572 1936 624 1971 12.

295 1991 333 2034 2)
357 1990 482 2025 Psalm.
505 1992 627 2031 LVIII,
651 1993 685 2027 3.
707 1990 848 2036 (LVII.)

294 2047 332 2089 3)
356 2045 479 2080 Psalm.
505 2048 623 2087 LVIII,
647 2049 679 2083 3.
707 2046 846 2092 (LVII.)

296 2102 333 2147 ¹²)
360 2103 482 2136 Genes.
505 2103 636 2136 XXIX.
660 2101 775 2135 XXX.

297 2159 334 2203 ⁵)
358 2158 447 2192 Edd.
471 2158 628 2192 Merlini:
655 2158 721 2191 alii.

297 2214 335 2258 ⁶)
361 2214 449 2248 Edd.
474 2214 630 2248 Merlini:
655 2213 691 2247 in
717 2214 883 2249 ordinem.

299 2269 334 2314 ⁷)
357 2271 461 2305 Num.
486 2271 547 2312 III,
570 2271 623 2305 12.
646 2271 698 2306 13.
