1427 2460
343 108 376 132 m
403 99 580 130 Nummos
605 96 764 130 HommA
785 96 880 129 XXI.
1111 97 1178 131 261

50 189 210 222 tentioris.
258 189 362 221 Terra
387 188 476 221 enim
503 186 682 220 viventium
707 186 972 232 repromittitur,
1002 199 1089 231 quae
1114 186 1178 218 uti-

51 263 116 294 que
140 250 266 283 idcirco
291 259 378 282 terra
403 248 584 282 viventium
610 247 742 289 dicitur,
767 249 861 292 quod
882 247 1005 281 nesciat
1020 256 1177 280 mortem.

49 311 92 344 Et
115 311 167 344 isti
192 311 326 355 quidem
353 311 479 351 magni,
504 320 535 343 et
560 310 610 343 isti
635 309 740 342 beati:
765 310 823 342 sed
848 309 1014 342 beatiores
1037 308 1096 348 illi,
1121 307 1177 352 qui

50 371 115 417 jam
146 385 216 405 non
239 385 300 416 per
323 373 517 416 speculum,
557 382 589 405 et
611 370 648 403 in
673 370 875 412 aenigmate,
898 384 1009 415 neque
1026 369 1067 415 ¹in
1092 371 1179 402 sub-

47 433 172 466 stantiis
196 434 449 478 corporalibus,
473 434 530 466 sed
555 431 640 466 facie
665 433 708 465 ad
733 431 853 465 faciem
874 432 987 464 Deum
1006 430 1177 470 videbunt,

6 524 7 528 ,
45 494 223 539 sapientiae
251 494 500 528 illuminatione
522 492 657 533 radiati,
689 504 720 526 et
744 505 841 526 verae
872 491 1051 526 divinitatis
1076 505 1176 536 capa-

44 569 97 589 ces
122 569 184 601 per
206 555 386 600 puritatem
411 555 522 588 cordis
547 553 674 588 effecti:
698 555 964 600 portionemque
987 567 1081 588 suam
1103 566 1175 586 non

41 617 77 649 in
112 626 281 656 creatura,
324 618 382 650 sed
417 616 451 649 in
480 625 632 649 creatore
668 616 849 656 habentes,
901 616 960 661 qui
995 625 1041 650 est
1075 627 1178 659 super

42 679 157 712 omnia
184 677 278 711 Deus
301 678 334 722 ¹)
357 677 553 711 benedictus
578 677 612 710 in
638 679 780 710 saecula.

131 741 162 773 2.
200 740 256 772 Ait
292 752 388 781 ergo:
425 752 483 779 „ex
499 738 536 784 ²)
573 751 717 771 numero
755 738 935 771 nominum
954 737 990 781 ³)
1020 736 1176 781 pluribus

43 802 142 846 plura
173 802 346 834 dabuntur
375 799 409 832 in
432 809 575 840 sortem,
601 811 631 832 et
648 799 777 842 'exiguis
803 800 953 841 exiguam
978 798 1074 831 dabis
1098 798 1176 830 hae-

39 863 232 895 reditatem:
264 860 466 905 unicuique,
495 860 579 894 sicut
601 863 784 895 recensitus
809 871 871 901 est,
897 860 1033 894 dabitur
1056 860 1174 892 haere-

41 924 125 957 ditas
161 922 262 969 ejus.“
309 921 457 955 Historia
492 922 559 955 hoc
591 932 654 963 est,
686 924 779 968 quod
817 924 934 962 docet,
962 932 1017 962 ut,
1049 921 1075 954 si
1109 934 1175 965 qua

39 985 147 1018 tribus
170 983 385 1017 numerosior
409 983 554 1016 habetur
578 984 612 1016 in
629 985 778 1029 populis,
800 983 929 1030 majora
945 993 1053 1016 terrae
1067 983 1174 1027 spatia

41 1048 215 1080 sortiatur:
247 1047 274 1080 si
299 1058 364 1090 qua
389 1054 501 1077 autem
526 1045 661 1078 minore
685 1045 864 1078 hominum
888 1058 1034 1078 numero
1060 1056 1173 1077 cense-

40 1117 110 1146 tur,
151 1107 306 1140 breviore
353 1105 564 1149 possessione
601 1116 759 1139 contenta
795 1107 845 1140 sit.
904 1107 972 1139 Sed
1011 1105 1174 1150 quoniam

39 1177 147 1200 terrae
178 1166 276 1212 hujus
302 1166 519 1206 divisionem,
551 1167 858 1212 haereditatemque
881 1177 1068 1206 terrenam,
1098 1180 1174 1211 spe—

39 1229 124 1262 ciem
150 1229 293 1262 dicimus
310 1228 346 1271 ⁴)
370 1238 483 1260 tenere
509 1238 540 1261 et
562 1227 742 1269 imaginem
768 1231 961 1262 futurorum
985 1230 1171 1269 bonorum,

39 1304 78 1323 ac
115 1292 261 1322 formam
300 1288 451 1322 coelestis
488 1289 594 1328 illius,
631 1303 716 1333 quae
752 1305 770 1323 a
802 1291 958 1324 fidelibus
989 1300 1021 1323 et
1051 1290 1171 1322 sanctis

37 1359 208 1394 speratur,
240 1349 453 1382 haereditatis
485 1352 679 1382 ostendere:
712 1351 850 1396 requiro
876 1351 909 1384 in
934 1351 990 1383 illa
1015 1350 1170 1383 haeredi—

37 1421 114 1450 tate,
139 1424 224 1455 quae
247 1411 414 1455 speranda
440 1420 497 1450 est,
521 1411 578 1456 qui
601 1413 667 1444 sint
691 1414 814 1456 plures,
839 1422 871 1446 et
894 1412 952 1457 qui
976 1413 1041 1446 sint
1060 1411 1171 1456 pauci,

38 1483 69 1505 et
104 1472 238 1505 invenio
278 1471 325 1504 ibi
365 1472 531 1505 beatiores
561 1486 689 1517 paucos
725 1474 860 1514 haberi,
907 1487 1008 1517 quam
1046 1472 1169 1517 plures.

34 1535 122 1567 Nam
155 1533 212 1578 qui
236 1546 297 1577 per
319 1535 404 1567 viam
429 1534 464 1577 ⁵)
495 1536 596 1567 latam
624 1544 656 1567 et
680 1535 874 1579 spatiosam,
898 1548 985 1579 quae
1009 1534 1102 1567 ducit
1126 1535 1166 1566 ad

39 1593 285 1639 perditionem,
317 1595 443 1636 egerint
466 1594 538 1635 iter,
570 1596 668 1629 multi
693 1596 870 1630 dicuutur:
908 1595 966 1640 qui
997 1609 1075 1628 vero
1107 1608 1168 1639 per

37 1665 163 1689 arctam
211 1665 243 1687 et
280 1665 452 1698 angustam
489 1656 575 1689 viam
609 1657 835 1700 perrexerint,
876 1670 963 1702 quae
1001 1656 1094 1689 ducit
1125 1658 1166 1688 ad

35 1717 152 1755 vitam,
192 1716 292 1760 pauci
330 1719 554 1762 appellantur.
614 1717 658 1750 Et
693 1717 816 1751 iterum
854 1719 889 1752 in
925 1718 997 1752 aliis
1028 1717 1163 1750 dicitur:

130 1899 164 1942 Ι)
187 1900 323 1932 Nomen
361 1900 507 1940 ‚,Deus“
546 1902 661 1945 (quod
692 1904 784 1936 deest
814 1903 848 1935 in
881 1903 958 1935 edd.
987 1903 1054 1946 M.)
1084 1919 1162 1948 sup-

32 1945 144 1988 pletur
169 1957 186 1976 e
210 1945 292 1979 Mss.
318 1945 358 1977 R.

127 1999 164 2042 ²)
188 2000 290 2033 Num.
314 1999 442 2040 XXVI,
471 2003 525 2036 53.
548 2002 603 2036 54.

125 2054 163 2095 ³)
188 2054 277 2106 Edd.
302 2056 439 2089 Merlini
464 2071 660 2102 perperam:
684 2059 865 2093 hominum
886 2060 1039 2104 pluribus
1066 2062 1163 2105 plura

35 2100 208 2132 dabuntur
230 2115 266 2133 m
290 2110 393 2134 sorte.

34 2207 49 2230 t
125 2154 274 2231 ⁴)“C1pd
314 2157 422 2190 sancti
456 2157 666 2192 Theoderici
702 2159 919 2195 Rhemensis:
955 2160 1164 2202 „didicimus

50 2211 156 2232 encre.
235 2225 242 2233 .

127 2255 163 2299 ⁵)
188 2255 258 2290 cfr.
282 2256 402 2291 Matth.
428 2256 502 2298 vn,
525 2257 578 2292 13.
602 2260 655 2294 14.
