1427 2460
181 100 249 136 316
665 100 842 135 Omenms

181 192 361 233 sanguine,
401 200 433 223 et
460 203 582 224 manus
614 203 689 224 suas
723 191 877 224 laverunt
905 190 942 224 in
971 192 1134 234 sanguine
1162 203 1322 238 peccato·

182 252 282 287 rum?
332 253 577 285 Interfecerunt
602 252 729 297 qnippe
759 253 794 286 in
818 253 989 287 matutinis
1016 267 1134 288 ornnes
1163 265 1320 299 peccato—

183 329 235 349 res
259 324 380 354 terrae,
406 322 438 346 et
459 313 640 356 imaginem
661 327 781 347 eorum
801 315 1108 369 exterminaverunt
1125 316 1168 348 de
1192 315 1321 351 civitate

182 376 339 409 Domini.
383 375 550 408 Vicerunt
573 374 700 420 quippe
725 384 757 408 et
780 386 999 421 peremerunt
1015 376 1159 412 diversas
1183 379 1322 412 daemo-

180 452 264 472 num
288 446 412 480 gentes.
461 436 533 470 Nisi
565 437 655 470 enim
678 436 832 471 vicissent
855 451 925 478 eas,
955 451 1027 471 non
1051 439 1243 484 potuissent
1266 454 1320 474 ca-

181 513 264 546 pere
288 513 327 533 ex
350 499 390 532 iis
415 498 584 543 captivos,
613 511 752 531 omnem
778 499 869 532 hunc
894 501 1104 534 credentium
1126 514 1320 543 numerum,

181 573 214 597 et
237 562 426 607 perducere
451 573 509 594 eos
532 561 576 593 ad
601 560 832 594 obedientiam
858 561 1000 602 Christi,
1032 570 1065 594 et
1090 563 1237 597 subdere
1262 577 1319 598 eos

181 625 262 671 jugo
281 622 352 669 ejus
367 622 470 663 suavi,
495 632 527 655 et
549 623 730 667 imponere
752 623 791 657 iis
810 637 896 658 onus
920 623 990 669 ejus
1014 625 1096 657 leve.
1133 623 1221 668 Quis
1239 638 1317 668 ergo
1354 630 1377 664 i,

180 687 225 719 ita
249 687 369 719 beatus
394 694 452 724 est,
477 684 535 729 qui
558 686 716 719 succedat
737 684 776 719 iis
799 685 835 718 in
852 685 886 729 Ι)
910 685 962 719 his
985 685 1135 730 proeliis,
1159 695 1192 719 et
1215 686 1320 720 inter-

178 748 270 782 ficiat
295 759 412 781 omnes
426 746 638 787 Madianitas,
664 757 696 780 et
718 745 918 793 justificetur
934 761 978 789 ‘ex
995 748 1158 791 sanguine
1177 747 1323 782 eorum?

179 809 387 853 Sanguinem
419 809 506 842 enim
539 810 749 842 daemonum
782 810 927 842 fundere
958 809 1099 850 dicitur,
1132 809 1190 855 qui
1221 810 1319 855 eripit

180 886 253 912 eos,
285 871 409 917 quibus
439 870 492 904 illi
520 871 750 904 dominantur.
797 871 981 904 Lavabitur
1011 881 1125 905 autem
1149 872 1216 905 hoc
1240 885 1316 906 san-

179 936 296 977 guine,
332 943 364 966 et
394 933 633 978 purificabitur
663 933 698 965 in
727 946 832 975 regno
865 932 951 972 Dei,
989 943 1025 966 ut
1055 933 1252 978 purificatus
1286 942 1319 966 et

180 996 327 1030 mundus
353 996 491 1028 effectus
508 995 615 1040 possit
636 995 769 1036 ingredi
787 1004 936 1027 sanctam
955 994 1121 1028 civitatem
1136 995 1215 1035 Dei,
1238 1008 1317 1040 ape-

180 1058 288 1092 riente
311 1051 373 1090 sibi
399 1056 520 1089 ostium
548 1056 683 1089 Christo
707 1055 789 1089 Jesu
814 1056 969 1089 Domino
994 1066 1131 1097 nostro,
1162 1056 1234 1089 imo
1259 1057 1317 1102 qui

179 1131 228 1154 est
252 1119 375 1153 ostium
394 1118 533 1151 civitatis
557 1118 660 1162 ipsius
679 1118 764 1150 Dei:
788 1119 843 1151 cui
869 1128 917 1151 cst
939 1117 1058 1160 gloria,
1082 1128 1114 1152 et
1135 1118 1315 1164 imperinm

179 1184 212 1216 in
238 1182 371 1216 saecula
395 1180 621 1214 saeculorum.
671 1177 796 1214 Arnen!

442 1447 833 1486 HOMILIA
887 1446 1046 1485 XXVI.

401 1548 455 1580 De
479 1559 610 1580 summa
634 1545 768 1578 numeri
792 1545 942 1578 filiorum
969 1544 1082 1577 Israel.

266 1664 297 1695 1.
321 1659 540 1693 Diss'erentias
565 1672 635 1692 esse
658 1660 887 1702 profectuum,
912 1667 943 1690 et
966 1657 1166 1709 meritorum
1189 1658 1224 1690 in
1250 1672 1313 1702 po-

177 1724 259 1768 pulo
284 1721 451 1762 fidelium,
475 1722 502 1755 si
526 1722 600 1766 quis
625 1719 818 1762 diligentius
841 1719 998 1752 intendat
1019 1719 1176 1760 lectioni,
1200 1720 1313 1754 multis

177 1786 209 1818 in
235 1784 324 1818 locis
346 1783 467 1817 divinis
490 1783 524 1816 in
550 1782 781 1835 vpluminibus
805 1781 1047 1826 deprehendet.
1094 1781 1175 1815 Non
1199 1781 1311 1814 minus

177 1856 289 1880 autem
321 1846 406 1878 haec
440 1855 471 1878 et
510 1858 548 1878 ex
578 1843 747 1889 praesenti
783 1842 928 1875 lectione
958 1842 1149 1885 colligimus
1181 1844 1226 1876 de
1259 1856 1312 1882 eo.

176 1910 270 1953 quod
299 1907 461 1952 scriptum
497 1917 562 1940 cst:
598 1906 700 1949 Πεῐῖ)
733 1913 945 1938 accesserunt
969 1906 1010 1938 ad
1036 1905 1157 1939 Mosen
1182 1918 1311 1945 omnes,

175 1971 233 2015 qui
257 1969 430 2003 constituti
454 1977 550 2002 erant
572 1967 743 2012 principes
767 1978 828 2011 per
852 1967 958 2000 tribus
990 1967 1024 1999 in
1057 1966 1219 2007 exercitu,
1251 1967 1310 2000 tri—

169 2031 278 2072 buni,
311 2040 344 2064 et
374 2029 607 2069 centuriones,
641 2039 673 2062 ct
697 2029 853 2062 dixerunt
877 2029 919 2062 ad
943 2029 1084 2063 Mosen:
1117 2042 1187 2063 nos.
1211 2029 1310 2074 pueri

173 2093 223 2126 tui
251 2092 450 2134 collegimus
479 2104 646 2124 summam
679 2090 829 2124 virorum
862 2091 1066 2125 bellatorum
1100 2100 1308 2133 nostrorum,

269 2231 302 2274 ¹)
327 2231 416 2264 Edd.
441 2230 596 2263 Merlini:
621 2230 655 2262 in
680 2230 729 2265 iis.

267 2287 304 2330 2)
326 2288 427 2321 Num.
453 2286 583 2325 XXXI,
606 2287 660 2321 48.
683 2288 736 2321 49.
761 2287 813 2321 50.

1379 727 1388 744 ¹·
1374 482 1398 708 -m-ssnoe-..hs'e-
1377 444 1397 475 ,Ἰ

1368 339 1397 434 ’.κῑεζξὸ
1375 291 1378 295 ·
