1427 2460
369 62 406 85 m
429 53 608 85 Nummos
633 49 795 84 Homma
813 50 874 84 XI.
1119 56 1185 91 117

0 147 26 188 ql
56 155 300 187 supernorum,
323 154 399 174 cum
433 139 604 173 evidenter
628 141 813 185 Apostolus
848 140 955 174 dicat:
977 142 1025 182 „si
1041 142 1074 187 ¹)
1099 157 1182 177 con-

21 185 25 245 l
52 202 234 237 surrexistis
259 215 336 236 cum
360 201 513 241 Christo,
536 214 623 246 quae
645 215 778 235 sursum
801 211 899 242 sunt,
922 204 1091 247 quaerite,
1121 204 1182 238 ubi

20 247 25 309 l
55 264 206 301 Christus
228 272 274 296 est
298 262 335 295 in
358 263 492 296 dextera
516 262 582 295 Dei
603 263 740 296 sedens:
773 276 845 296 non
869 276 957 308 quae
977 274 1057 298 sunt
1076 279 1180 311 super

52 329 216 359 terram&
239 323 334 369 quod
357 323 475 368 utique
497 323 562 356 illis
587 323 721 357 dicebat
744 325 939 368 Apostolus,
963 327 1021 370 qui
1044 335 1178 360 terrena

14 407 16 413 ι
52 387 302 425 observatione,
332 384 473 418 terrenis
503 384 622 429 „ne²)
653 385 868 428 tetigeritis,“
899 385 1101 432 aiebant‚³)
1132 401 1176 421 ne

14 480 15 483 ,
50 445 290 489 „gustaveritis,
328 459 372 479 ne
403 445 713 480 attaminaveritis2“
738 447 859 491 quibus
883 447 992 481 addit:
1018 461 1126 493 „quae
1139 449 1175 492 ⁴)

45 517 123 542 sunt
145 509 258 541 omnia
282 507 316 540 in
342 509 596 552 corruptionem
620 508 694 553 ipso
717 522 791 548 usu,
814 510 1000 542 secundum
1015 510 1174 543 mandata

46 578 79 603 et
102 569 273 602 doctrinas
297 569 510 602 hominum.“

132 631 164 665 6.
190 629 293 664 Addit
316 640 394 675 post
417 631 517 663 haec:
549 631 651 675 „et⁵)
683 632 817 665 locutus
847 640 894 665 est
926 631 1097 665 Dominus
1129 632 1172 664 ad

9 705 12 724 1
43 693 159 725 Aaron
183 691 314 725 dicens:
354 705 449 731 ecce,
490 703 551 733 ego
585 692 664 726 dedi
697 692 791 725 vobis
825 693 868 726 ad
902 694 1171 726 conservandum

0 1064 3 1095 Ι

0 1101 2 1122 1

40 752 236 797 primitias.“
283 752 447 795 Quamvis
477 753 514 785 in
544 753 722 786 nonnullis
757 753 1003 797 exemplaribus
1034 753 1171 786 Latino-

40 828 117 847 rum
147 814 213 854 „ad
246 814 517 848 observandum“
546 814 708 858 scriptum
740 814 799 854 sit,
834 814 943 849 verius
973 823 1086 848 tamen
1122 824 1171 848 est

10 869 11 873 Ἰ
38 875 103 915 „ad
128 875 429 908 conservandum.“
475 876 545 908 Sed
568 875 812 920 requirendum
838 886 896 915 est,
912 878 1092 920 quomodo
1116 890 1167 910 se-

8 937 11 942 ’
39 937 190 970 cundum
214 936 321 978 legem
344 936 514 982 primitiae
538 945 789 970 conserventur.
836 937 916 970 Non
936 937 1026 970 enim
1043 947 1080 970 ut
1096 951 1166 970 ser-

38 1006 131 1037 vent,
165 998 356 1032 sacerdotes
391 997 562 1043 accipiunt·
584 997 767 1043 primitias,
813 999 874 1031 sed
907 1007 945 1031 ut
984 999 1165 1032 insumant.

38 1058 228 1102 Quomodo
258 1071 336 1100 ergo
369 1059 468 1092 dicit:
501 1059 664 1103 ‚,ecce,5)
697 1059 776 1092 dedi
807 1060 904 1093 vobis
935 1060 1099 1105 primitias
1123 1061 1164 1092 ad

0 1124 10 1187 *L
37 1120 303 1153 conservandum
314 1119 352 1152 ?“
383 1120 484 1153 Unde
517 1129 648 1153 constat
679 1132 752 1152 non
777 1133 877 1165 posse
900 1121 966 1154 hoc
991 1123 1034 1154 ad
1058 1122 1165 1163 legem

0 1193 3 1212 1
36 1180 162 1220 literae,
185 1181 245 1213 sed
274 1180 316 1212 ad
340 1182 447 1223 legem
471 1181 607 1226 spiritus
633 1180 809 1226 applicari.
862 1181 948 1215 Istae
980 1182 1071 1215 enim
1095 1183 1164 1226 pri-

0 1230 7 1273 l
34 1241 166 1280 mitiae,
206 1254 286 1285 quas
318 1255 418 1286 supra
448 1241 668 1286 spiritualiter
702 1242 937 1286 exposuimus,
973 1243 1165 1275 conservari

0 1314 7 1328 t
31 1311 183 1348 possunt,
206 1302 284 1334 illae
306 1315 379 1335 non
402 1312 554 1347 possunt.
602 1303 672 1336 Sed
697 1311 729 1334 et
753 1302 779 1334 si
799 1302 950 1336 Christus
974 1312 1022 1336 est
1044 1316 1163 1335 secun-

32 1365 115 1397 dum
140 1364 346 1407 Apostolum
370 1362 555 1409 primitiae,
589 1375 666 1395 vere
695 1362 778 1396 istae
808 1363 978 1408 primitiae
1010 1365 1061 1396 ad·
1078 1378 1161 1396 con-

0 1437 5 1447 *
32 1426 234 1460 servandum
265 1424 362 1457 datae
392 1434 470 1458 sunt
493 1424 601 1458 nobis.
663 1424 757 1468 Quid
790 1425 880 1458 enim
912 1433 981 1458 tam
1014 1425 1161 1463 beatum,

33 1500 135 1532 quam
167 1495 205 1519 ut
235 1485 367 1527 anima,
398 1499 485 1530 quae
519 1486 662 1530 suscepit
695 1485 885 1526 Christum,
918 1499 1053 1530 semper
1083 1498 1162 1518 eum

0 1549 4 1556 '
33 1556 216 1587 conservet,
241 1556 272 1579 et
294 1560 428 1592 semper
451 1549 574 1580 habeat
596 1547 632 1580 in
647 1547 683 1592 ⁷)
714 1561 749 1581 se
778 1546 997 1581 manentem?
1042 1547 1087 1580 Et
1111 1556 1161 1579 ta·

0 1600 1 1604 Ἰ
30 1610 69 1643 lis
93 1609 204 1642 anima
228 1621 305 1641 vere
328 1608 492 1653 primitias
515 1608 652 1653 suscipit
675 1609 719 1642 ad
742 1609 1022 1645 conservandum.
1070 1609 1158 1641 Nam

0 1694 1 1700 ,
29 1670 108 1703 illae
130 1669 310 1714 primitiae,
334 1682 422 1714 quae
445 1671 678 1704 offerebantur
700 1670 737 1704 in
759 1670 848 1711 lege,
872 1669 1160 1702 consumebantur

29 1745 91 1777 per
115 1731 218 1771 cibos,
243 1740 274 1764 et
296 1731 463 1774 ingressae
485 1732 522 1765 in
546 1741 708 1772 ventrem,
732 1731 972 1773 dirigebantur,
996 1739 1033 1763 ut
1046 1730 1159 1763 Evan-

30 1794 152 1835 gelium
186 1792 326 1837 dieit,⁸)
354 1792 391 1825 in
414 1806 589 1827 secessum.
647 1794 729 1827 Istas
759 1802 872 1826 autem
902 1791 1066 1836 primitias
1100 1790 1157 1834 qui

29 1853 293 1893 manducaverit,
317 1862 349 1887 et
373 1854 552 1896 gustaverit
574 1867 719 1899 panem,
749 1852 808 1899 qui
832 1854 875 1887 de
897 1853 995 1886 coelo
1021 1853 1158 1885 descen-

124 1999 160 2042 ¹)
184 1998 316 2032 Coloss.
339 1999 400 2040 III,
424 1999 456 2033 1.
479 2001 511 2034 2.
616 1998 655 2043 ²)
682 1998 753 2032 Cfr.
778 1997 910 2031 Coloss.
932 1997 977 2037 II,
999 1997 1054 2031 21.

120 2055 156 2099 ³)
182 2054 270 2087 Edd.
294 2054 455 2088 Merlini:
481 2054 598 2101 ajebat.
693 2054 731 2098 ⁴)
756 2052 887 2087 Coloss.
912 2053 954 2094 II,
977 2053 1032 2087 22.

124 2110 159 2152 ⁵)
184 2109 285 2144 Num.
310 2110 437 2150 XVIII,
460 2111 493 2145 8.
586 2110 623 2154 ⁰)
647 2111 751 2144 Num.
776 2109 903 2149 XVIII,
926 2109 958 2144 8.

123 2165 158 2209 ⁷)
180 2165 268 2199 Edd.
290 2167 446 2200 Merlini:
470 2166 506 2200 in
530 2179 564 2201 se
588 2164 842 2200 remanentem?
886 2166 932 2199 Et
955 2164 1027 2198 talis
1050 2173 1111 2198 etc.

126 2220 163 2264 ⁸)
185 2221 308 2256 matth.
331 2222 411 2262 xv,
434 2223 487 2257 17.
