1427 2460
343 85 380 109 m
402 75 581 108 Nummos
605 70 767 105 Humum
793 71 855 104 IX.
1120 70 1164 104 75

38 165 137 208 affigi.
186 164 300 198 Chore
321 163 463 205 figuram
484 171 577 196 tenet
600 175 736 202 eorum,
776 161 833 206 qui
865 170 984 194 contra
1009 160 1164 193 ecclcsia-

37 229 152 262 sticarn
177 227 290 266 sidem,
315 235 346 258 et
370 223 560 258 doctrinam
584 223 727 256 veritatis
749 223 936 264 insurgunt.
990 223 1164 267 Scriptum

40 299 87 323 est
110 302 188 331 ergo
213 290 256 322 de
280 286 403 326 Chore,
427 294 459 318 et
484 287 526 319 de
550 294 648 318 coetu
673 283 763 330 ejus,
785 286 878 329 quod
903 284 938 316 in
962 284 1084 318 batillis
1109 298 1166 317 ae-

39 351 103 385 reis
126 351 299 383 incensum
325 346 509 380 obtulerint
532 346 615 388 ignis
639 345 748 380 alieni.
803 346 845 379 Et
869 345 1006 391 jubetur
1029 346 1165 390 quidem

40 426 58 445 a
82 412 158 444 Deo
182 409 265 451 ignis
289 409 415 442 alienus
448 407 594 453 dispergi
626 417 658 441 et
689 408 836 440 effundi:
869 407 1004 448 „batilla
1021 408 1054 451 ¹)
1078 420 1168 446 vcro,

37 471 164 517 inquit,
187 471 266 516 quia
289 470 491 504 sanctificata
514 479 607 509 sunt,
640 469 740 502 facito
775 482 811 502 ea
840 469 983 502 laminas
1019 469 1170 509 ductiles,

39 542 73 566 et
95 533 267 566 circumda
293 546 328 565 ex
353 532 390 566 iis
415 533 529 572 altare,
552 531 629 576 quia
655 532 767 564 oblata
782 540 860 563 sunt
873 544 987 563 coram
1002 531 1170 570 Domino,

39 605 70 629 et
92 595 296 629 sanctificata
326 598 433 628 sunt.⁴‘
486 594 563 626 Hoc
593 605 671 634 ergo
702 592 784 626 mihi
816 605 879 636 per
909 592 997 625 hanc
1026 594 1171 633 figuram

37 656 170 690 videtur
193 656 336 697 ostendi,
361 657 454 701 quod
477 655 592 688 batilla
616 653 688 694 ista,
712 667 798 698 quae
818 653 993 698 Scriptura
1017 653 1173 687 nominat

39 731 146 759 aerea,
171 719 313 760 figuram
335 725 471 750 teneant
491 715 677 760 scripturae
701 715 842 748 divinae.
891 714 955 749 Cui
979 715 1174 760 Scripturae

39 778 200 813 haeretici
222 779 333 822 ignem
358 778 505 812 alienum
528 777 760 822 imponentes,
793 777 860 810 hoc
885 786 950 817 est,
981 790 1114 810 sensum
1142 786 1175 810 et

40 840 295 883 intelligentiam
319 839 462 873 alienam
487 852 506 871 a
529 841 618 879 Deo,
643 848 674 872 et
696 838 826 872 veritati
844 839 1050 872 contrariam
1065 839 1174 872 intro-

43 903 221 944 ducentes,
245 901 422 935 incensum
447 900 600 933 Domino
630 914 702 933 non
726 913 844 940 suave,
880 902 940 934 sed
972 901 1174 934 exsecrabile

43 964 205 997 offerunt.
249 962 294 995 Et
323 962 402 996 ideo
432 963 544 996 forma
570 963 785 995 ecclesiarum
809 962 1040 996 sacerdotibus
1066 964 1175 1004 datur,

40 1034 90 1066 ut,
111 1024 139 1057 si
161 1026 300 1069 quando
316 1026 383 1058 tale
401 1025 530 1069 aliquid
554 1024 654 1057 fuerit
670 1033 834 1064 exortum,
861 1037 898 1057 ea
917 1024 1064 1068 quidem,
1090 1037 1176 1068 quae

43 1099 62 1119 a
84 1086 222 1119 veritate
244 1086 353 1119 aliena
375 1095 471 1126 sunt,
498 1088 540 1119 ab
566 1085 704 1119 ecclesia
728 1085 795 1117 Dei
819 1085 952 1130 penitus
977 1086 1178 1119 abstrudan-

41 1155 115 1180 tur:
139 1146 166 1180 εἰ
190 1160 257 1191 qua
284 1156 396 1180 autem
421 1147 519 1180 etiam
542 1149 578 1180 in
602 1147 680 1191 ipsis
703 1146 951 1179 haereticorum
965 1147 1073 1179 verbis
1096 1146 1179 1179 scri-

43 1217 164 1253 pturae
189 1208 321 1241 divinae
343 1208 494 1242 sensibus
507 1208 724 1241 inveniuntur
737 1208 870 1247 inserta,
893 1221 937 1240 ne
951 1208 1077 1252 pariter
1099 1221 1177 1241 cum

42 1269 119 1310 illis,
144 1282 230 1314 quae
253 1269 333 1302 fidei
358 1279 389 1302 ct
414 1269 542 1302 veritati
565 1278 642 1302 sunt
658 1271 836 1308 contraria,
859 1279 1076 1314 respuantur:
1100 1283 1177 1302 san-

45 1330 188 1364 ctificata
209 1339 288 1364 sunt
311 1330 422 1371 enim,
445 1343 530 1374 quae
555 1331 597 1363 de
621 1330 785 1374 scriptura
810 1330 922 1364 divina
946 1333 1179 1376 proferuntur,

44 1401 78 1426 et
108 1392 263 1425 Domino
298 1392 424 1425 oblata.
477 1391 594 1424 Potest
624 1401 735 1424 autem
766 1401 797 1425 et
828 1392 894 1425 alio
930 1393 1040 1425 adhuc
1072 1394 1179 1426 modo

43 1453 194 1496 intelligi,
219 1454 314 1499 quod
339 1454 382 1486 de
404 1452 526 1486 batillis
549 1453 755 1498 praecipitur
777 1463 1015 1498 peccatorum,
1041 1464 1079 1487 ut
1101 1454 1179 1500 jun-

46 1526 168 1560 gantur
199 1525 231 1549 et
261 1515 432 1548 socientur
461 1514 566 1548 altari.
619 1515 665 1547 Et
694 1515 806 1560 primo
831 1516 897 1548 hoc
926 1515 1052 1560 ipsum,
1087 1517 1181 1561 quod

48 1591 145 1612 aerea
169 1577 345 1617 dicuntur,
380 1589 454 1610 non
486 1577 632 1610 otiosum
657 1576 834 1610 videbitur.
896 1577 966 1610 Ubi
991 1577 1080 1610 enim
1105 1591 1182 1610 vera

47 1640 132 1673 fides
158 1649 220 1680 est,
252 1648 285 1672 et
313 1638 441 1680 integra
470 1638 563 1671 verbi
589 1638 654 1671 Dei
678 1638 906 1683 praedicatio,
937 1649 994 1672 aut
1025 1649 1182 1681 argentea

50 1702 227 1740 dicuntur,
251 1709 309 1733 aut
332 1712 449 1733 aurea:
481 1709 519 1732 ut
549 1700 662 1742 fulgor
684 1700 757 1733 auri
782 1701 929 1734 declaret
951 1702 1030 1734 fidei
1055 1701 1183 1745 purita-

48 1771 128 1803 tem,
152 1771 184 1795 et
206 1770 379 1803 argentum
403 1762 480 1803 igne
503 1762 698 1806 probatum,
723 1762 855 1807 eloquia
873 1763 1058 1796 examinata
1083 1763 1185 1805 signi-

50 1825 138 1858 ficet.
167 1824 233 1856 Ista
257 1836 348 1865 ergo,
373 1836 459 1867 quae
483 1824 642 1856 dicuntur
667 1837 775 1864 aerea,
798 1824 833 1856 in
857 1837 944 1857 sono
969 1834 1100 1858 tantum
1126 1839 1186 1858 vo·-

52 1887 98 1921 cis
123 1886 319 1924 consistunt,
342 1898 415 1917 non
440 1886 475 1916 in
498 1885 619 1917 virtute
641 1884 785 1928 spiritus,
812 1893 843 1916 et
866 1894 952 1925 sunt,
977 1896 1013 1919 ut
1036 1890 1184 1931 Aposto-

49 1948 103 1981 lus
127 1946 225 1988 dicit,
252 1945 339 1989 ut2)
370 1955 621 1986 „aeramentum
646 1958 789 1985 sontum,
820 1954 878 1978 aut
902 1948 1093 1993 cymbalum
1119 1950 1185 1981 tin-

51 2009 180 2042 niens.“
225 2008 292 2041 Ista
317 2019 396 2049 ergo
421 2008 536 2040 batilla
551 2020 659 2047 aerea,
681 2006 715 2040 id
732 2015 788 2047 est,
814 2007 1061 2042 haereticorum
1079 2024 1185 2051 voces,

54 2070 83 2104 si
107 2069 327 2103 adhibeamus
355 2069 397 2102 ad
427 2069 530 2102 altare
558 2067 643 2110 Dei,
680 2068 740 2103 ubi
765 2068 895 2104 divinus
919 2070 1001 2113 ignis
1026 2081 1090 2112 est,
1125 2073 1185 2106 ubi

152 2208 187 2251 ¹)
210 2209 312 2241 Num.
334 2209 427 2249 xvi,
449 2210 503 2244 37.
527 2210 581 2246 38.

150 2264 186 2310 2)
210 2265 227 2297 1
253 2263 333 2298 cor.
356 2265 450 2307 xm,
476 2267 505 2300 1.
