1427 2460
199 83 269 118 328
689 86 866 119 Offlossms

204 172 276 206 ritis
299 182 424 206 terram
448 172 482 206 in
509 183 695 220 conspectu
719 185 840 216 vestro,
866 174 987 209 dabitis
1013 174 1051 208 iis
1075 183 1198 209 terram
1215 175 1347 210 Galaad

205 234 241 268 in
265 235 545 280 possessionem.“
590 236 718 270 Terrae
732 250 861 271 nomen
882 237 918 270 in
942 237 1115 282 scripturis
1141 238 1260 272 divinis
1283 251 1348 283 po·
1378 267 1382 273 .

206 295 308 330 situm
334 297 472 330 diversis
497 297 797 341 significationibus
820 298 1026 332 invenimus:
1066 309 1098 333 et
1127 299 1240 345 primo
1274 299 1350 345 qui-

207 359 286 391 dem
310 367 400 392 terra
425 359 526 401 haec,
563 360 597 393 in
623 374 689 406 qua
714 361 924 402 habitamus,
959 375 1031 395 non
1065 374 1102 394 ex
1133 361 1230 394 initio
1261 371 1349 394 terra

207 419 351 453 vocitata
378 430 443 460 est,
477 422 536 454 sed
561 421 672 455 arida:
712 433 743 456 et
766 432 843 467 post
876 424 976 464 haec,
1019 436 1105 469 quae
1136 422 1230 469 prius
1263 422 1350 456 dicta

207 482 319 514 suerat
351 483 464 523 arida,
499 484 658 529 terrae¹)
689 497 817 518 nomen
849 486 996 530 accepit:
1038 485 1124 518 sicut
1152 494 1184 518 et
1216 486 1352 519 coelum

207 542 297 576 istud
322 543 469 587 visibile,
492 558 565 578 non
590 547 632 580 ab
656 546 754 580 initio
782 548 916 580 coelum
942 547 1069 580 dictum
1095 556 1152 587 est,
1177 548 1235 580 sed
1260 545 1352 591 prius

207 604 473 647 firmamentum,
497 616 576 652 post
600 607 701 641 etiam
726 608 813 641 coeli
838 610 1007 643 vocabulo
1031 617 1269 653 nuncupatum
1295 617 1351 641 est.

208 665 249 699 In
280 667 452 713 principio
485 679 599 703 tamen
632 679 805 703 creaturae
836 672 971 704 coelum
1005 680 1037 704 et
1073 679 1200 703 terram
1235 669 1352 703 fecisse

213 728 337 762 dieitur
362 730 473 772 Deus,
506 741 537 764 et
560 741 679 777 postea
704 732 854 773 aridam,
885 743 917 766 et
940 741 1060 777 postea
1085 732 1351 765 firmamentum.

211 789 268 823 Vis
293 800 405 825 autem
429 793 531 834 scire,
558 795 636 839 quia
661 794 754 828 aliud
777 795 819 828 sit
842 794 876 827 in
902 785 1086 839 Scriptu‘ris
1111 793 1224 833 arida,
1256 793 1349 826 aliud

212 852 326 886 terra?
383 855 475 888 Audi
500 856 720 901 Aggaeum2)
753 856 956 901 prophetam
991 856 1177 889 dicentem:
1213 855 1354 895 „adhue

214 916 318 948 semel
343 925 374 949 et
397 929 458 960 ego
473 919 620 952 movebo
636 918 771 952 coelum
787 927 818 950 et
833 926 958 950 terram
982 926 1013 950 et
1030 930 1125 951 mare
1143 926 1176 950 et
1191 918 1355 950 aridam.“

215 974 338 1018 Vides,
369 980 548 1023 quomodo
578 981 748 1025 propheta
783 979 877 1013 aliud
901 979 1000 1024 ponit
1028 989 1175 1020 terram,
1209 988 1240 1012 et
1263 979 1356 1012 aliud

215 1037 358 1072 aridam.
405 1040 474 1074 Sed
501 1050 532 1073 et
553 1039 588 1074 in
613 1041 726 1074 multis
749 1041 944 1086 scripturae
968 1040 1051 1075 locis
1077 1041 1268 1074 invenimus
1291 1050 1357 1073 ter-

216 1111 289 1132 ram
314 1100 521 1135 laudabilem
547 1103 737 1136 nominari:
774 1103 903 1136 aridam
938 1116 1016 1136 vero
1048 1114 1121 1135 non
1152 1101 1250 1134 facile
1276 1101 1355 1144 legi-

216 1173 292 1194 mus
324 1162 532 1197 laudabilem
562 1165 656 1209 poni.
718 1165 808 1198 Nam
841 1173 872 1197 et
906 1165 1016 1197 Adam
1045 1163 1082 1197 in
1118 1163 1211 1196 hunc
1241 1164 1356 1196 locum

219 1222 313 1267 quasi
338 1225 518 1270 culpabilis
542 1236 619 1271 post
642 1236 819 1272 peccatum
846 1226 1056 1266 detruditur,
1093 1225 1151 1270 qui
1175 1224 1268 1258 arida
1293 1239 1357 1258 no-

217 1285 364 1319 minatus
391 1296 446 1320 est.
495 1289 601 1338 Ante-‘3
627 1289 718 1322 enim
743 1302 817 1322 non
841 1288 905 1322 fuit
927 1288 963 1321 in
987 1288 1092 1329 arida,
1117 1287 1176 1321 sed
1199 1287 1236 1321 in
1259 1296 1356 1320 terra.

220 1345 400 1382 Paradisus
423 1361 571 1395 namque
597 1363 666 1383 non
693 1360 738 1384 est
763 1351 797 1384 in
821 1350 925 1390 arida,
951 1351 1009 1384 sed
1033 1350 1069 1383 in
1092 1357 1192 1382 terra.
1240 1348 1306 1382 Sed
1328 1357 1360 1381 et

219 1410 401 1444 mansuetis
427 1413 521 1455 quod
553 1412 760 1456 repromittit
783 1412 955 1446 Dominus
987 1412 1022 1445 in
1045 1411 1248 1452 Evangelio,
1286 1424 1357 1443 non

221 1480 269 1503 est
293 1471 404 1512 arida,
434 1473 493 1506 sed
524 1482 622 1507 terra.
669 1473 792 1514 „Beati
807 1474 842 1518 3)
878 1473 985 1513 enim,
1014 1472 1146 1517 inquit,
1182 1471 1360 1511 mansueti,

220 1532 385 1576 quoniam
411 1535 473 1579 ipsi
496 1534 758 1567 haereditabunt
780 1539 939 1568 terram.“
984 1535 1028 1567 Et
1051 1533 1174 1567 iterum
1192 1533 1227 1566 in
1246 1533 1359 1566 Evan-

220 1594 308 1636 gelio
326 1594 362 1640 4)
386 1609 520 1638 semen,
554 1598 648 1641 quod
674 1599 729 1630 dat
753 1597 902 1630 fructum
928 1596 1167 1636 centesimum,
1197 1595 1358 1636 sexagesi-

220 1669 333 1697 mum,
366 1667 398 1690 et
420 1658 646 1699 tricesimum,
677 1669 763 1691 terra
790 1658 915 1691 dicitur
940 1671 1026 1698 esse,
1064 1671 1137 1691 non
1168 1656 1272 1690 arida.
1318 1655 1361 1688 Et

220 1729 325 1763 puto,
364 1720 443 1764 quia
472 1722 644 1765 profectus
669 1721 807 1765 quidam
837 1720 879 1754 sit
903 1721 944 1753 ab
970 1720 1064 1753 arida
1088 1712 1133 1752 ed
1155 1728 1278 1751 terram
1304 1730 1358 1750 ve-

221 1781 349 1822 niendi,
372 1782 456 1815 sicut
481 1792 511 1815 et
534 1784 706 1827 profectus
732 1783 871 1827 quidam
895 1781 970 1821 fuit,
992 1791 1030 1814 ut
1053 1782 1136 1814 haec
1162 1780 1253 1814 arida
1272 1789 1358 1812 terra

223 1853 411 1877 vocaretur.
460 1844 590 1878 Omnes
622 1843 713 1877 enim
743 1857 824 1885 nos,
863 1845 974 1877 donec
1010 1841 1212 1877 infructuosi
1235 1854 1360 1881 sumus,

226 1914 259 1943 es.
280 1906 415 1939 nullum
446 1905 589 1952 justitiae
622 1908 786 1947 fructum,
824 1906 958 1940 nullum
993 1903 1192 1951 pudicitiae,
1228 1903 1359 1936 nullum

320 2104 355 2146 ¹)
378 2103 469 2140 Edd.
492 2103 541 2137 Μ.
567 2112 598 2136 et
622 2103 663 2137 R.
688 2112 803 2144 „terra
826 2106 983 2136 nomen“
1009 2111 1069 2135 etc.

316 2159 352 2203 ²)
376 2160 465 2193 Edd.
491 2159 645 2193 Merlini:
669 2161 880 2203 ‚‚Aggeum.“
904 2179 948 2186 —
973 2158 1044 2193 Cfr.
1069 2155 1174 2202 thg.
1200 2156 1250 2196 ll,
1275 2157 1305 2190 7.

318 2217 355 2259 ³)
380 2216 501 2249 Matth.
529 2216 577 2255 V,
598 2217 629 2249 5.

319 2274 356 2316 ⁴)
382 2272 450 2306 Csr.
476 2272 598 2306 Matth.
625 2272 727 2311 xul,
751 2273 774 2306 3
800 2286 837 2297 —
863 2271 893 2305 9.
