<?xml version="1.0" encoding="UTF-8"?>
<!DOCTYPE html PUBLIC "-//W3C//DTD XHTML 1.0 Transitional//EN"
    "http://www.w3.org/TR/xhtml1/DTD/xhtml1-transitional.dtd">
<html xmlns="http://www.w3.org/1999/xhtml" xml:lang="en" lang="en">
 <head>
  <title>
</title>
<meta http-equiv="Content-Type" content="text/html;charset=utf-8" />
  <meta name='ocr-system' content='tesseract 3.04.00' />
  <meta name='ocr-capabilities' content='ocr_page ocr_carea ocr_par ocr_line ocrx_word'/>
</head>
<body>
  <div class='ocr_page' id='page_1' title='image "./operaomniaquaegr10orig/operaomniaquaegr10orig_0091.png"; bbox 0 0 1427 2460; ppageno 0'>
   <div class='ocr_carea' id='block_1_1' title="bbox 366 74 1198 114">
    <p class='ocr_par' dir='ltr' id='par_1_1' title="bbox 366 74 1198 114">
     <span class='ocr_line' id='line_1_1' title="bbox 366 74 1198 114; baseline -0.004 -4"><span class='ocrx_word' id='word_1_1' title='bbox 366 87 403 112; x_wconf 78' lang='lat' dir='ltr'>m</span> <span class='ocrx_word' id='word_1_2' title='bbox 425 76 605 110; x_wconf 71' lang='lat' dir='ltr'>Nummos</span> <span class='ocrx_word' id='word_1_3' title='bbox 630 74 792 109; x_wconf 78' lang='lat' dir='ltr'>HommA</span> <span class='ocrx_word' id='word_1_4' title='bbox 811 75 901 110; x_wconf 87' lang='lat' dir='ltr'>VIII.</span> <span class='ocrx_word' id='word_1_5' title='bbox 1153 79 1198 114; x_wconf 83' lang='lat'>69</span> 
     </span>
    </p>
   </div>
   <div class='ocr_carea' id='block_1_2' title="bbox 63 165 1209 1932">
    <p class='ocr_par' dir='ltr' id='par_1_2' title="bbox 63 165 1209 1932">
     <span class='ocr_line' id='line_1_2' title="bbox 65 165 1199 212; baseline 0.001 -10"><span class='ocrx_word' id='word_1_6' title='bbox 65 168 168 211; x_wconf 76' lang='lat' dir='ltr'>magis</span> <span class='ocrx_word' id='word_1_7' title='bbox 193 180 294 212; x_wconf 83' lang='lat' dir='ltr'>quam</span> <span class='ocrx_word' id='word_1_8' title='bbox 317 166 401 200; x_wconf 80' lang='lat' dir='ltr'>haec</span> <span class='ocrx_word' id='word_1_9' title='bbox 425 169 505 200; x_wconf 80' lang='lat' dir='ltr'>cst.“</span> <span class='ocrx_word' id='word_1_10' title='bbox 551 165 608 198; x_wconf 81' lang='lat' dir='ltr'>Fit</span> <span class='ocrx_word' id='word_1_11' title='bbox 633 178 712 208; x_wconf 81' lang='lat' dir='ltr'>ergo</span> <span class='ocrx_word' id='word_1_12' title='bbox 745 174 838 199; x_wconf 76' lang='lat' dir='ltr'>tanta</span> <span class='ocrx_word' id='word_1_13' title='bbox 872 166 954 199; x_wconf 74' lang='lat' dir='ltr'>haec</span> <span class='ocrx_word' id='word_1_14' title='bbox 978 166 1199 203; x_wconf 78' lang='lat' dir='ltr'>comminatio</span> 
     </span>
     <span class='ocr_line' id='line_1_3' title="bbox 66 227 1199 275; baseline 0 -11"><span class='ocrx_word' id='word_1_15' title='bbox 66 244 85 264; x_wconf 81' lang='lat' dir='ltr'>a</span> <span class='ocrx_word' id='word_1_16' title='bbox 108 229 276 269; x_wconf 75' lang='lat' dir='ltr'>Domino,</span> <span class='ocrx_word' id='word_1_17' title='bbox 297 241 368 261; x_wconf 87' lang='lat' dir='ltr'>non</span> <span class='ocrx_word' id='word_1_18' title='bbox 392 237 430 260; x_wconf 85' lang='lat' dir='ltr'>ut</span> <span class='ocrx_word' id='word_1_19' title='bbox 453 227 619 272; x_wconf 75' lang='lat' dir='ltr'><strong>passibilis</strong></span> <span class='ocrx_word' id='word_1_20' title='bbox 645 237 676 260; x_wconf 83' lang='lat' dir='ltr'>et</span> <span class='ocrx_word' id='word_1_21' title='bbox 698 227 894 260; x_wconf 69' lang='lat' dir='ltr'>iracundiae</span> <span class='ocrx_word' id='word_1_22' title='bbox 917 227 997 261; x_wconf 72' lang='lat' dir='ltr'>vitio</span> <span class='ocrx_word' id='word_1_23' title='bbox 1022 229 1199 275; x_wconf 79' lang='lat' dir='ltr'>subjacens</span> 
     </span>
     <span class='ocr_line' id='line_1_4' title="bbox 67 288 1201 334; baseline 0.002 -9"><span class='ocrx_word' id='word_1_24' title='bbox 67 292 263 326; x_wconf 72' lang='lat' dir='ltr'>Ostendatur</span> <span class='ocrx_word' id='word_1_25' title='bbox 288 288 400 322; x_wconf 74' lang='lat' dir='ltr'>divina</span> <span class='ocrx_word' id='word_1_26' title='bbox 422 298 560 329; x_wconf 75' lang='lat' dir='ltr'>natura,</span> <span class='ocrx_word' id='word_1_27' title='bbox 592 290 651 321; x_wconf 80' lang='lat' dir='ltr'>sed</span> <span class='ocrx_word' id='word_1_28' title='bbox 675 298 712 321; x_wconf 88' lang='lat' dir='ltr'>ut</span> <span class='ocrx_word' id='word_1_29' title='bbox 735 302 798 334; x_wconf 81' lang='lat' dir='ltr'>per</span> <span class='ocrx_word' id='word_1_30' title='bbox 821 289 904 322; x_wconf 79' lang='lat' dir='ltr'><strong>haec</strong></span> <span class='ocrx_word' id='word_1_31' title='bbox 929 300 959 323; x_wconf 83' lang='lat' dir='ltr'>et</span> <span class='ocrx_word' id='word_1_32' title='bbox 982 291 1089 325; x_wconf 70' lang='lat' dir='ltr'>Mosis</span> <span class='ocrx_word' id='word_1_33' title='bbox 1114 294 1201 327; x_wconf 75' lang='lat' dir='ltr'>cari-</span> 
     </span>
     <span class='ocr_line' id='line_1_5' title="bbox 64 350 1200 399; baseline -0.001 -12"><span class='ocrx_word' id='word_1_34' title='bbox 64 363 124 394; x_wconf 81' lang='lat' dir='ltr'>tas,</span> <span class='ocrx_word' id='word_1_35' title='bbox 148 365 248 398; x_wconf 82' lang='lat' dir='ltr'>quam</span> <span class='ocrx_word' id='word_1_36' title='bbox 273 363 349 393; x_wconf 76' lang='lat' dir='ltr'>erga</span> <span class='ocrx_word' id='word_1_37' title='bbox 372 350 544 395; x_wconf 88' lang='lat' dir='ltr'>populum</span> <span class='ocrx_word' id='word_1_38' title='bbox 568 350 726 390; x_wconf 76' lang='lat' dir='ltr'><strong>hahebat,</strong></span> <span class='ocrx_word' id='word_1_39' title='bbox 752 360 783 383; x_wconf 86' lang='lat' dir='ltr'>ct</span> <span class='ocrx_word' id='word_1_40' title='bbox 806 350 874 384; x_wconf 69' lang='lat' dir='ltr'>Dei</span> <span class='ocrx_word' id='word_1_41' title='bbox 895 351 1039 392; x_wconf 59' lang='lat' dir='ltr'>bonitas,</span> <span class='ocrx_word' id='word_1_42' title='bbox 1064 366 1150 397; x_wconf 82' lang='lat' dir='ltr'>quae</span> <span class='ocrx_word' id='word_1_43' title='bbox 1166 354 1200 399; x_wconf 89' lang='lat'>¹)</span> 
     </span>
     <span class='ocr_line' id='line_1_6' title="bbox 63 412 1203 459; baseline 0 -11"><span class='ocrx_word' id='word_1_44' title='bbox 63 428 166 459; x_wconf 82' lang='lat' dir='ltr'>super</span> <span class='ocrx_word' id='word_1_45' title='bbox 189 425 327 446; x_wconf 85' lang='lat' dir='ltr'>onmem</span> <span class='ocrx_word' id='word_1_46' title='bbox 350 412 479 444; x_wconf 81' lang='lat' dir='ltr'>malum</span> <span class='ocrx_word' id='word_1_47' title='bbox 503 421 656 454; x_wconf 79' lang='lat' dir='ltr'>agentem</span> <span class='ocrx_word' id='word_1_48' title='bbox 677 421 734 452; x_wconf 89' lang='lat' dir='ltr'>cst,</span> <span class='ocrx_word' id='word_1_49' title='bbox 758 412 994 445; x_wconf 79' lang='lat' dir='ltr'>innotesceret.</span> <span class='ocrx_word' id='word_1_50' title='bbox 1033 414 1203 448; x_wconf 84' lang='lat' dir='ltr'>Scribitur</span> 
     </span>
     <span class='ocr_line' id='line_1_7' title="bbox 67 473 1200 521; baseline 0 -12"><span class='ocrx_word' id='word_1_51' title='bbox 67 475 157 509; x_wconf 79' lang='lat' dir='ltr'>enim</span> <span class='ocrx_word' id='word_1_52' title='bbox 180 475 278 508; x_wconf 80' lang='lat' dir='ltr'>irasci</span> <span class='ocrx_word' id='word_1_53' title='bbox 302 475 417 514; x_wconf 84' lang='lat' dir='ltr'>Deus,</span> <span class='ocrx_word' id='word_1_54' title='bbox 443 482 475 506; x_wconf 79' lang='lat' dir='ltr'>et</span> <span class='ocrx_word' id='word_1_55' title='bbox 499 473 702 507; x_wconf 73' lang='lat' dir='ltr'>comminari</span> <span class='ocrx_word' id='word_1_56' title='bbox 732 473 905 506; x_wconf 70' lang='lat' dir='ltr'>interitum</span> <span class='ocrx_word' id='word_1_57' title='bbox 940 476 1092 520; x_wconf 89' lang='lat' dir='ltr'>populo,</span> <span class='ocrx_word' id='word_1_58' title='bbox 1130 491 1200 521; x_wconf 88' lang='lat' dir='ltr'>quo</span> 
     </span>
     <span class='ocr_line' id='line_1_8' title="bbox 65 535 1200 580; baseline 0.001 -10"><span class='ocrx_word' id='word_1_59' title='bbox 65 538 229 570; x_wconf 82' lang='lat' dir='ltr'>doceatur</span> <span class='ocrx_word' id='word_1_60' title='bbox 252 537 358 569; x_wconf 86' lang='lat' dir='ltr'>homo</span> <span class='ocrx_word' id='word_1_61' title='bbox 383 544 514 568; x_wconf 80' lang='lat' dir='ltr'>tantum</span> <span class='ocrx_word' id='word_1_62' title='bbox 540 535 603 569; x_wconf 82' lang='lat' dir='ltr'>sibi</span> <span class='ocrx_word' id='word_1_63' title='bbox 620 548 687 568; x_wconf 81' lang='lat' dir='ltr'>esse</span> <span class='ocrx_word' id='word_1_64' title='bbox 706 536 798 580; x_wconf 74' lang='lat' dir='ltr'>apud</span> <span class='ocrx_word' id='word_1_65' title='bbox 818 536 933 568; x_wconf 79' lang='lat' dir='ltr'>Deum</span> <span class='ocrx_word' id='word_1_66' title='bbox 951 536 1029 576; x_wconf 83' lang='lat' dir='ltr'>loci,</span> <span class='ocrx_word' id='word_1_67' title='bbox 1051 546 1200 570; x_wconf 87' lang='lat' dir='ltr'>tantum-</span> 
     </span>
     <span class='ocr_line' id='line_1_9' title="bbox 67 596 1200 644; baseline 0.001 -13"><span class='ocrx_word' id='word_1_68' title='bbox 67 612 134 644; x_wconf 85' lang='lat' dir='ltr'>que</span> <span class='ocrx_word' id='word_1_69' title='bbox 156 598 311 638; x_wconf 82' lang='lat' dir='ltr'>fiduciae,</span> <span class='ocrx_word' id='word_1_70' title='bbox 335 607 373 631; x_wconf 92' lang='lat' dir='ltr'>ut</span> <span class='ocrx_word' id='word_1_71' title='bbox 398 596 525 631; x_wconf 77' lang='lat' dir='ltr'>etiamsi</span> <span class='ocrx_word' id='word_1_72' title='bbox 549 597 590 630; x_wconf 80' lang='lat' dir='ltr'>sit</span> <span class='ocrx_word' id='word_1_73' title='bbox 613 596 725 641; x_wconf 76' lang='lat' dir='ltr'>aliqua</span> <span class='ocrx_word' id='word_1_74' title='bbox 749 597 784 629; x_wconf 83' lang='lat' dir='ltr'>in</span> <span class='ocrx_word' id='word_1_75' title='bbox 810 597 887 629; x_wconf 85' lang='lat' dir='ltr'>Deo</span> <span class='ocrx_word' id='word_1_76' title='bbox 913 596 1112 640; x_wconf 73' lang='lat' dir='ltr'>indignatio,</span> <span class='ocrx_word' id='word_1_77' title='bbox 1137 600 1200 632; x_wconf 82' lang='lat' dir='ltr'>ob-</span> 
     </span>
     <span class='ocr_line' id='line_1_10' title="bbox 65 646 1203 705; baseline -0.002 -11"><span class='ocrx_word' id='word_1_78' title='bbox 65 646 319 694; x_wconf 50' lang='lat' dir='ltr'>secrationibus.</span> <span class='ocrx_word' id='word_1_79' title='bbox 335 659 506 701; x_wconf 72' lang='lat' dir='ltr'>mitigetur</span> <span class='ocrx_word' id='word_1_80' title='bbox 530 658 700 691; x_wconf 81' lang='lat' dir='ltr'>humanis:</span> <span class='ocrx_word' id='word_1_81' title='bbox 736 667 937 703; x_wconf 72' lang='lat' dir='ltr'>tantumque</span> <span class='ocrx_word' id='word_1_82' title='bbox 961 659 1003 691; x_wconf 86' lang='lat' dir='ltr'>de</span> <span class='ocrx_word' id='word_1_83' title='bbox 1028 672 1068 693; x_wconf 83' lang='lat' dir='ltr'>eo</span> <span class='ocrx_word' id='word_1_84' title='bbox 1094 659 1203 705; x_wconf 80' lang='lat' dir='ltr'>impe-</span> 
     </span>
     <span class='ocr_line' id='line_1_11' title="bbox 65 720 1202 767; baseline -0.002 -11"><span class='ocrx_word' id='word_1_85' title='bbox 65 732 155 756; x_wconf 86' lang='lat' dir='ltr'>trare</span> <span class='ocrx_word' id='word_1_86' title='bbox 178 735 278 767; x_wconf 81' lang='lat' dir='ltr'>posse</span> <span class='ocrx_word' id='word_1_87' title='bbox 301 721 488 762; x_wconf 82' lang='lat' dir='ltr'>hominem,</span> <span class='ocrx_word' id='word_1_88' title='bbox 515 729 552 752; x_wconf 84' lang='lat' dir='ltr'>ut</span> <span class='ocrx_word' id='word_1_89' title='bbox 576 728 608 753; x_wconf 82' lang='lat' dir='ltr'>et</span> <span class='ocrx_word' id='word_1_90' title='bbox 625 720 766 764; x_wconf 78' lang='lat' dir='ltr'>propria</span> <span class='ocrx_word' id='word_1_91' title='bbox 780 729 901 753; x_wconf 74' lang='lat' dir='ltr'>statuta</span> <span class='ocrx_word' id='word_1_92' title='bbox 914 730 1095 753; x_wconf 77' lang='lat' dir='ltr'>convertat.</span> <span class='ocrx_word' id='word_1_93' title='bbox 1129 721 1202 754; x_wconf 86' lang='lat' dir='ltr'>Bo-</span> 
     </span>
     <span class='ocr_line' id='line_1_12' title="bbox 65 780 1204 828; baseline -0.002 -10"><span class='ocrx_word' id='word_1_94' title='bbox 65 785 152 818; x_wconf 77' lang='lat' dir='ltr'>nitas</span> <span class='ocrx_word' id='word_1_95' title='bbox 176 784 277 824; x_wconf 79' lang='lat' dir='ltr'>enim,</span> <span class='ocrx_word' id='word_1_96' title='bbox 302 795 388 828; x_wconf 86' lang='lat' dir='ltr'>quae</span> <span class='ocrx_word' id='word_1_97' title='bbox 410 780 628 826; x_wconf 82' lang='lat' dir='ltr'><strong>subsequitur</strong></span> <span class='ocrx_word' id='word_1_98' title='bbox 650 780 881 821; x_wconf 79' lang='lat' dir='ltr'>iracundiam,</span> <span class='ocrx_word' id='word_1_99' title='bbox 912 791 944 814; x_wconf 68' lang='lat' dir='ltr'>et</span> <span class='ocrx_word' id='word_1_100' title='bbox 978 781 1085 815; x_wconf 84' lang='lat' dir='ltr'>Mosis</span> <span class='ocrx_word' id='word_1_101' title='bbox 1115 783 1204 816; x_wconf 80' lang='lat' dir='ltr'>fidu-</span> 
     </span>
     <span class='ocr_line' id='line_1_13' title="bbox 67 842 1203 888; baseline -0.001 -10"><span class='ocrx_word' id='word_1_102' title='bbox 67 848 155 878; x_wconf 79' lang='lat' dir='ltr'>ciam</span> <span class='ocrx_word' id='word_1_103' title='bbox 180 843 325 878; x_wconf 82' lang='lat' dir='ltr'><strong>ostendit</strong></span> <span class='ocrx_word' id='word_1_104' title='bbox 348 844 443 888; x_wconf 70' lang='lat' dir='ltr'>apud,</span> <span class='ocrx_word' id='word_1_105' title='bbox 464 843 589 882; x_wconf 79' lang='lat' dir='ltr'>Deum,</span> <span class='ocrx_word' id='word_1_106' title='bbox 615 851 647 875; x_wconf 81' lang='lat' dir='ltr'>et</span> <span class='ocrx_word' id='word_1_107' title='bbox 672 842 816 875; x_wconf 80' lang='lat' dir='ltr'>alienam</span> <span class='ocrx_word' id='word_1_108' title='bbox 841 843 882 876; x_wconf 85' lang='lat' dir='ltr'>ab</span> <span class='ocrx_word' id='word_1_109' title='bbox 902 842 1098 876; x_wconf 71' lang='lat' dir='ltr'>iracundiae</span> <span class='ocrx_word' id='word_1_110' title='bbox 1122 844 1203 878; x_wconf 76' lang='lat' dir='ltr'>vitio</span> 
     </span>
     <span class='ocr_line' id='line_1_14' title="bbox 67 903 1202 951; baseline 0 -12"><span class='ocrx_word' id='word_1_111' title='bbox 67 906 217 939; x_wconf 79' lang='lat' dir='ltr'>divinam</span> <span class='ocrx_word' id='word_1_112' title='bbox 241 905 344 938; x_wconf 82' lang='lat' dir='ltr'>docet</span> <span class='ocrx_word' id='word_1_113' title='bbox 367 918 435 938; x_wconf 82' lang='lat' dir='ltr'>esse</span> <span class='ocrx_word' id='word_1_114' title='bbox 458 914 625 938; x_wconf 80' lang='lat' dir='ltr'>naturam.</span> <span class='ocrx_word' id='word_1_115' title='bbox 663 903 774 938; x_wconf 82' lang='lat' dir='ltr'>Simul</span> <span class='ocrx_word' id='word_1_116' title='bbox 798 914 831 937; x_wconf 86' lang='lat' dir='ltr'>et</span> <span class='ocrx_word' id='word_1_117' title='bbox 854 904 1050 951; x_wconf 74' lang='lat' dir='ltr'>mysterium</span> <span class='ocrx_word' id='word_1_118' title='bbox 1073 904 1109 937; x_wconf 85' lang='lat' dir='ltr'>in</span> <span class='ocrx_word' id='word_1_119' title='bbox 1132 919 1202 939; x_wconf 81' lang='lat' dir='ltr'>sae-</span> 
     </span>
     <span class='ocr_line' id='line_1_15' title="bbox 67 966 1204 1012; baseline -0.001 -11"><span class='ocrx_word' id='word_1_120' title='bbox 67 967 150 1001; x_wconf 77' lang='lat' dir='ltr'>culis</span> <span class='ocrx_word' id='word_1_121' title='bbox 173 967 294 1001; x_wconf 79' lang='lat' dir='ltr'>futuris</span> <span class='ocrx_word' id='word_1_122' title='bbox 318 966 521 1012; x_wconf 79' lang='lat' dir='ltr'>explendum</span> <span class='ocrx_word' id='word_1_123' title='bbox 548 966 702 999; x_wconf 83' lang='lat' dir='ltr'>continet</span> <span class='ocrx_word' id='word_1_124' title='bbox 729 979 858 1006; x_wconf 81' lang='lat' dir='ltr'>sermo,</span> <span class='ocrx_word' id='word_1_125' title='bbox 896 979 958 1011; x_wconf 87' lang='lat' dir='ltr'>per</span> <span class='ocrx_word' id='word_1_126' title='bbox 989 980 1090 1011; x_wconf 78' lang='lat' dir='ltr'>quem</span> <span class='ocrx_word' id='word_1_127' title='bbox 1120 980 1204 1012; x_wconf 81' lang='lat' dir='ltr'>pro-</span> 
     </span>
     <span class='ocr_line' id='line_1_16' title="bbox 65 1027 1203 1073; baseline 0.001 -11"><span class='ocrx_word' id='word_1_128' title='bbox 65 1029 168 1062; x_wconf 73' lang='lat' dir='ltr'>mittit</span> <span class='ocrx_word' id='word_1_129' title='bbox 190 1029 295 1070; x_wconf 87' lang='lat' dir='ltr'>Deus,</span> <span class='ocrx_word' id='word_1_130' title='bbox 320 1029 414 1073; x_wconf 84' lang='lat' dir='ltr'>quod</span> <span class='ocrx_word' id='word_1_131' title='bbox 439 1027 543 1060; x_wconf 77' lang='lat' dir='ltr'>alium</span> <span class='ocrx_word' id='word_1_132' title='bbox 566 1028 736 1073; x_wconf 88' lang='lat' dir='ltr'>populum</span> <span class='ocrx_word' id='word_1_133' title='bbox 768 1028 834 1060; x_wconf 83' lang='lat' dir='ltr'>hoc</span> <span class='ocrx_word' id='word_1_134' title='bbox 858 1027 992 1073; x_wconf 79' lang='lat' dir='ltr'>abjecto</span> <span class='ocrx_word' id='word_1_135' title='bbox 1023 1030 1203 1063; x_wconf 78' lang='lat' dir='ltr'><strong>resuscitet.</strong></span> 
     </span>
     <span class='ocr_line' id='line_1_17' title="bbox 66 1089 1204 1135; baseline 0 -11"><span class='ocrx_word' id='word_1_136' title='bbox 66 1092 124 1124; x_wconf 78' lang='lat' dir='ltr'>Ait</span> <span class='ocrx_word' id='word_1_137' title='bbox 147 1090 258 1123; x_wconf 74' lang='lat' dir='ltr'>enim:</span> <span class='ocrx_word' id='word_1_138' title='bbox 280 1089 536 1135; x_wconf 75' lang='lat' dir='ltr'>‚,percutiam²)</span> <span class='ocrx_word' id='word_1_139' title='bbox 563 1103 619 1123; x_wconf 84' lang='lat' dir='ltr'>eos</span> <span class='ocrx_word' id='word_1_140' title='bbox 637 1098 759 1129; x_wconf 82' lang='lat' dir='ltr'>morte,</span> <span class='ocrx_word' id='word_1_141' title='bbox 785 1099 815 1122; x_wconf 87' lang='lat' dir='ltr'>et</span> <span class='ocrx_word' id='word_1_142' title='bbox 838 1091 983 1134; x_wconf 82' lang='lat' dir='ltr'>perdam</span> <span class='ocrx_word' id='word_1_143' title='bbox 1004 1103 1072 1131; x_wconf 85' lang='lat' dir='ltr'>eos,</span> <span class='ocrx_word' id='word_1_144' title='bbox 1099 1100 1130 1123; x_wconf 83' lang='lat' dir='ltr'>et</span> <span class='ocrx_word' id='word_1_145' title='bbox 1154 1093 1204 1124; x_wconf 80' lang='lat' dir='ltr'>fa-</span> 
     </span>
     <span class='ocr_line' id='line_1_18' title="bbox 69 1150 1202 1195; baseline 0 -10"><span class='ocrx_word' id='word_1_146' title='bbox 69 1151 155 1186; x_wconf 83' lang='lat' dir='ltr'>ciam</span> <span class='ocrx_word' id='word_1_147' title='bbox 179 1161 212 1184; x_wconf 76' lang='lat' dir='ltr'>te</span> <span class='ocrx_word' id='word_1_148' title='bbox 237 1160 269 1184; x_wconf 88' lang='lat' dir='ltr'>et</span> <span class='ocrx_word' id='word_1_149' title='bbox 293 1153 434 1184; x_wconf 90' lang='lat' dir='ltr'>domum</span> <span class='ocrx_word' id='word_1_150' title='bbox 458 1151 562 1195; x_wconf 76' lang='lat' dir='ltr'>patris</span> <span class='ocrx_word' id='word_1_151' title='bbox 585 1151 636 1183; x_wconf 85' lang='lat' dir='ltr'>tui</span> <span class='ocrx_word' id='word_1_152' title='bbox 659 1151 693 1183; x_wconf 88' lang='lat' dir='ltr'>in</span> <span class='ocrx_word' id='word_1_153' title='bbox 707 1150 882 1184; x_wconf 80' lang='lat' dir='ltr'>nationem</span> <span class='ocrx_word' id='word_1_154' title='bbox 903 1164 1070 1193; x_wconf 77' lang='lat' dir='ltr'>magnam,</span> <span class='ocrx_word' id='word_1_155' title='bbox 1093 1154 1202 1186; x_wconf 82' lang='lat' dir='ltr'>multo</span> 
     </span>
     <span class='ocr_line' id='line_1_19' title="bbox 67 1210 1208 1257; baseline 0.001 -11"><span class='ocrx_word' id='word_1_156' title='bbox 67 1213 173 1255; x_wconf 69' lang='lat' dir='ltr'>magis</span> <span class='ocrx_word' id='word_1_157' title='bbox 198 1225 300 1257; x_wconf 82' lang='lat' dir='ltr'>quam</span> <span class='ocrx_word' id='word_1_158' title='bbox 322 1213 405 1244; x_wconf 75' lang='lat' dir='ltr'>hacc</span> <span class='ocrx_word' id='word_1_159' title='bbox 438 1215 517 1244; x_wconf 85' lang='lat' dir='ltr'>est.“</span> <span class='ocrx_word' id='word_1_160' title='bbox 573 1210 802 1244; x_wconf 74' lang='lat' dir='ltr'>Comminatio</span> <span class='ocrx_word' id='word_1_161' title='bbox 834 1225 912 1254; x_wconf 85' lang='lat' dir='ltr'>ergo</span> <span class='ocrx_word' id='word_1_162' title='bbox 945 1213 1027 1245; x_wconf 78' lang='lat' dir='ltr'>haec</span> <span class='ocrx_word' id='word_1_163' title='bbox 1056 1227 1126 1246; x_wconf 85' lang='lat' dir='ltr'>non</span> <span class='ocrx_word' id='word_1_164' title='bbox 1161 1223 1208 1247; x_wconf 86' lang='lat' dir='ltr'>est</span> 
     </span>
     <span class='ocr_line' id='line_1_20' title="bbox 67 1273 1206 1318; baseline 0.001 -11"><span class='ocrx_word' id='word_1_165' title='bbox 67 1273 264 1313; x_wconf 74' lang='lat' dir='ltr'>iracundia,</span> <span class='ocrx_word' id='word_1_166' title='bbox 287 1274 345 1307; x_wconf 87' lang='lat' dir='ltr'>sed</span> <span class='ocrx_word' id='word_1_167' title='bbox 369 1273 559 1318; x_wconf 75' lang='lat' dir='ltr'>prophetia.</span> <span class='ocrx_word' id='word_1_168' title='bbox 615 1274 836 1306; x_wconf 80' lang='lat' dir='ltr'>Adsumenda</span> <span class='ocrx_word' id='word_1_169' title='bbox 869 1286 1018 1318; x_wconf 73' lang='lat' dir='ltr'>namque</span> <span class='ocrx_word' id='word_1_170' title='bbox 1050 1284 1119 1307; x_wconf 79' lang='lat' dir='ltr'>erat</span> <span class='ocrx_word' id='word_1_171' title='bbox 1143 1275 1206 1308; x_wconf 75' lang='lat' dir='ltr'>alia</span> 
     </span>
     <span class='ocr_line' id='line_1_21' title="bbox 67 1334 1206 1379; baseline 0.002 -12"><span class='ocrx_word' id='word_1_172' title='bbox 67 1335 172 1374; x_wconf 71' lang='lat' dir='ltr'>natio,</span> <span class='ocrx_word' id='word_1_173' title='bbox 195 1334 230 1367; x_wconf 81' lang='lat' dir='ltr'>id</span> <span class='ocrx_word' id='word_1_174' title='bbox 257 1344 313 1374; x_wconf 87' lang='lat' dir='ltr'><strong>est,</strong></span> <span class='ocrx_word' id='word_1_175' title='bbox 338 1334 488 1378; x_wconf 88' lang='lat' dir='ltr'>populus</span> <span class='ocrx_word' id='word_1_176' title='bbox 512 1334 572 1366; x_wconf 82' lang='lat' dir='ltr'><strong>iste</strong></span> <span class='ocrx_word' id='word_1_177' title='bbox 595 1334 786 1373; x_wconf 79' lang='lat' dir='ltr'>nationum,</span> <span class='ocrx_word' id='word_1_178' title='bbox 809 1335 868 1367; x_wconf 85' lang='lat' dir='ltr'>sed</span> <span class='ocrx_word' id='word_1_179' title='bbox 891 1348 962 1367; x_wconf 92' lang='lat' dir='ltr'>non</span> <span class='ocrx_word' id='word_1_180' title='bbox 987 1349 1048 1379; x_wconf 86' lang='lat' dir='ltr'>per</span> <span class='ocrx_word' id='word_1_181' title='bbox 1072 1336 1206 1370; x_wconf 83' lang='lat' dir='ltr'><strong>Mosen.</strong></span> 
     </span>
     <span class='ocr_line' id='line_1_22' title="bbox 67 1395 1208 1441; baseline 0.001 -12"><span class='ocrx_word' id='word_1_182' title='bbox 67 1395 246 1429; x_wconf 78' lang='lat' dir='ltr'>Excusavit</span> <span class='ocrx_word' id='word_1_183' title='bbox 276 1407 427 1439; x_wconf 80' lang='lat' dir='ltr'>namque</span> <span class='ocrx_word' id='word_1_184' title='bbox 456 1408 490 1428; x_wconf 82' lang='lat' dir='ltr'>se</span> <span class='ocrx_word' id='word_1_185' title='bbox 521 1395 646 1429; x_wconf 67' lang='lat' dir='ltr'>Bloses.</span> <span class='ocrx_word' id='word_1_186' title='bbox 708 1395 846 1428; x_wconf 81' lang='lat' dir='ltr'><strong>Sciebat</strong></span> <span class='ocrx_word' id='word_1_187' title='bbox 877 1396 985 1436; x_wconf 73' lang='lat' dir='ltr'>enim,</span> <span class='ocrx_word' id='word_1_188' title='bbox 1020 1396 1097 1441; x_wconf 78' lang='lat' dir='ltr'>quia</span> <span class='ocrx_word' id='word_1_189' title='bbox 1130 1411 1208 1439; x_wconf 80' lang='lat' dir='ltr'>gens</span> 
     </span>
     <span class='ocr_line' id='line_1_23' title="bbox 68 1456 1208 1502; baseline 0.002 -12"><span class='ocrx_word' id='word_1_190' title='bbox 68 1457 126 1490; x_wconf 80' lang='lat' dir='ltr'>illa</span> <span class='ocrx_word' id='word_1_191' title='bbox 151 1470 283 1499; x_wconf 82' lang='lat' dir='ltr'>magna,</span> <span class='ocrx_word' id='word_1_192' title='bbox 306 1469 393 1501; x_wconf 84' lang='lat' dir='ltr'>quae</span> <span class='ocrx_word' id='word_1_193' title='bbox 417 1456 681 1502; x_wconf 78' lang='lat' dir='ltr'>repromittitur,</span> <span class='ocrx_word' id='word_1_194' title='bbox 712 1469 786 1489; x_wconf 90' lang='lat' dir='ltr'>non</span> <span class='ocrx_word' id='word_1_195' title='bbox 821 1470 884 1502; x_wconf 86' lang='lat' dir='ltr'>per</span> <span class='ocrx_word' id='word_1_196' title='bbox 906 1457 1029 1491; x_wconf 81' lang='lat' dir='ltr'>Mosen</span> <span class='ocrx_word' id='word_1_197' title='bbox 1055 1460 1208 1492; x_wconf 69' lang='lat' dir='ltr'>vocanda</span> 
     </span>
     <span class='ocr_line' id='line_1_24' title="bbox 69 1518 1209 1563; baseline 0 -11"><span class='ocrx_word' id='word_1_198' title='bbox 69 1527 151 1558; x_wconf 82' lang='lat' dir='ltr'>erat,</span> <span class='ocrx_word' id='word_1_199' title='bbox 174 1519 233 1551; x_wconf 83' lang='lat' dir='ltr'>sed</span> <span class='ocrx_word' id='word_1_200' title='bbox 257 1531 319 1563; x_wconf 87' lang='lat' dir='ltr'>per</span> <span class='ocrx_word' id='word_1_201' title='bbox 341 1518 458 1551; x_wconf 85' lang='lat' dir='ltr'>Jesum</span> <span class='ocrx_word' id='word_1_202' title='bbox 477 1518 660 1558; x_wconf 75' lang='lat' dir='ltr'>Christum,</span> <span class='ocrx_word' id='word_1_203' title='bbox 686 1527 718 1551; x_wconf 82' lang='lat' dir='ltr'>et</span> <span class='ocrx_word' id='word_1_204' title='bbox 733 1531 805 1551; x_wconf 92' lang='lat' dir='ltr'>non</span> <span class='ocrx_word' id='word_1_205' title='bbox 828 1518 1011 1560; x_wconf 84' lang='lat' dir='ltr'>Mosaicus‚</span> <span class='ocrx_word' id='word_1_206' title='bbox 1031 1520 1091 1552; x_wconf 79' lang='lat' dir='ltr'>sed</span> <span class='ocrx_word' id='word_1_207' title='bbox 1111 1519 1209 1552; x_wconf 84' lang='lat' dir='ltr'>Chri-</span> 
     </span>
     <span class='ocr_line' id='line_1_25' title="bbox 68 1579 1208 1625; baseline 0.001 -12"><span class='ocrx_word' id='word_1_208' title='bbox 68 1580 194 1614; x_wconf 77' lang='lat' dir='ltr'>stianus</span> <span class='ocrx_word' id='word_1_209' title='bbox 219 1589 290 1613; x_wconf 82' lang='lat' dir='ltr'>erat</span> <span class='ocrx_word' id='word_1_210' title='bbox 310 1580 461 1624; x_wconf 84' lang='lat' dir='ltr'>populus</span> <span class='ocrx_word' id='word_1_211' title='bbox 485 1580 718 1625; x_wconf 75' lang='lat' dir='ltr'>appellandus.</span> <span class='ocrx_word' id='word_1_212' title='bbox 760 1579 893 1613; x_wconf 81' lang='lat' dir='ltr'>Idcirco</span> <span class='ocrx_word' id='word_1_213' title='bbox 910 1580 1008 1622; x_wconf 79' lang='lat' dir='ltr'>igitur</span> <span class='ocrx_word' id='word_1_214' title='bbox 1022 1580 1208 1625; x_wconf 83' lang='lat' dir='ltr'>plurimum</span> 
     </span>
     <span class='ocr_line' id='line_1_26' title="bbox 71 1640 1207 1686; baseline 0 -12"><span class='ocrx_word' id='word_1_215' title='bbox 71 1651 185 1674; x_wconf 81' lang='lat' dir='ltr'>exorat</span> <span class='ocrx_word' id='word_1_216' title='bbox 213 1641 329 1675; x_wconf 84' lang='lat' dir='ltr'>Moses</span> <span class='ocrx_word' id='word_1_217' title='bbox 364 1654 428 1685; x_wconf 89' lang='lat' dir='ltr'>pro</span> <span class='ocrx_word' id='word_1_218' title='bbox 465 1643 600 1686; x_wconf 88' lang='lat' dir='ltr'>populo</span> <span class='ocrx_word' id='word_1_219' title='bbox 633 1641 705 1674; x_wconf 82' lang='lat' dir='ltr'>illo.</span> <span class='ocrx_word' id='word_1_220' title='bbox 763 1640 936 1675; x_wconf 79' lang='lat' dir='ltr'>Dominus</span> <span class='ocrx_word' id='word_1_221' title='bbox 961 1655 1039 1675; x_wconf 82' lang='lat' dir='ltr'>vero</span> <span class='ocrx_word' id='word_1_222' title='bbox 1065 1644 1207 1675; x_wconf 86' lang='lat' dir='ltr'>modum</span> 
     </span>
     <span class='ocr_line' id='line_1_27' title="bbox 71 1701 1209 1747; baseline 0.002 -13"><span class='ocrx_word' id='word_1_223' title='bbox 71 1701 297 1746; x_wconf 71' lang='lat' dir='ltr'>correptionis</span> <span class='ocrx_word' id='word_1_224' title='bbox 320 1703 439 1736; x_wconf 78' lang='lat' dir='ltr'>librata</span> <span class='ocrx_word' id='word_1_225' title='bbox 455 1702 692 1736; x_wconf 73' lang='lat' dir='ltr'>moderatione</span> <span class='ocrx_word' id='word_1_226' title='bbox 707 1703 887 1747; x_wconf 77' lang='lat' dir='ltr'>dispensat,</span> <span class='ocrx_word' id='word_1_227' title='bbox 913 1713 942 1735; x_wconf 81' lang='lat' dir='ltr'>et</span> <span class='ocrx_word' id='word_1_228' title='bbox 967 1702 1107 1747; x_wconf 81' lang='lat' dir='ltr'>dicit,³)</span> <span class='ocrx_word' id='word_1_229' title='bbox 1132 1702 1209 1747; x_wconf 75' lang='lat' dir='ltr'>quia</span> 
     </span>
     <span class='ocr_line' id='line_1_28' title="bbox 69 1762 1208 1810; baseline 0.002 -16"><span class='ocrx_word' id='word_1_230' title='bbox 69 1762 131 1795; x_wconf 79' lang='lat' dir='ltr'>viri</span> <span class='ocrx_word' id='word_1_231' title='bbox 155 1763 307 1806; x_wconf 65' lang='lat' dir='ltr'>quidem,</span> <span class='ocrx_word' id='word_1_232' title='bbox 329 1764 387 1808; x_wconf 81' lang='lat' dir='ltr'>qui</span> <span class='ocrx_word' id='word_1_233' title='bbox 413 1764 565 1797; x_wconf 81' lang='lat' dir='ltr'>exierunt</span> <span class='ocrx_word' id='word_1_234' title='bbox 589 1765 632 1797; x_wconf 87' lang='lat' dir='ltr'>de</span> <span class='ocrx_word' id='word_1_235' title='bbox 657 1765 830 1810; x_wconf 80' lang='lat' dir='ltr'>Aegypto,</span> <span class='ocrx_word' id='word_1_236' title='bbox 855 1774 886 1797; x_wconf 84' lang='lat' dir='ltr'>et</span> <span class='ocrx_word' id='word_1_237' title='bbox 908 1773 1119 1797; x_wconf 78' lang='lat' dir='ltr'>tentaverunt</span> <span class='ocrx_word' id='word_1_238' title='bbox 1143 1778 1208 1805; x_wconf 82' lang='lat' dir='ltr'>me,</span> 
     </span>
     <span class='ocr_line' id='line_1_29' title="bbox 69 1824 1209 1869; baseline 0.001 -13"><span class='ocrx_word' id='word_1_239' title='bbox 69 1833 170 1868; x_wconf 79' lang='lat' dir='ltr'>atque</span> <span class='ocrx_word' id='word_1_240' title='bbox 193 1824 359 1856; x_wconf 81' lang='lat' dir='ltr'>increduli</span> <span class='ocrx_word' id='word_1_241' title='bbox 382 1835 652 1869; x_wconf 79' lang='lat' dir='ltr'>permanserunt,</span> <span class='ocrx_word' id='word_1_242' title='bbox 676 1827 798 1859; x_wconf 80' lang='lat' dir='ltr'>cadent</span> <span class='ocrx_word' id='word_1_243' title='bbox 821 1826 858 1858; x_wconf 85' lang='lat' dir='ltr'>in</span> <span class='ocrx_word' id='word_1_244' title='bbox 878 1827 1010 1858; x_wconf 69' lang='lat' dir='ltr'>deserto</span> <span class='ocrx_word' id='word_1_245' title='bbox 1028 1826 1104 1864; x_wconf 85' lang='lat' dir='ltr'>hoc,</span> <span class='ocrx_word' id='word_1_246' title='bbox 1130 1835 1160 1858; x_wconf 84' lang='lat' dir='ltr'>et</span> <span class='ocrx_word' id='word_1_247' title='bbox 1171 1825 1209 1868; x_wconf 80' lang='lat'>⁴¹)</span> 
     </span>
     <span class='ocr_line' id='line_1_30' title="bbox 69 1884 1207 1932; baseline 0.002 -14"><span class='ocrx_word' id='word_1_248' title='bbox 69 1899 165 1926; x_wconf 85' lang='lat' dir='ltr'>„non</span> <span class='ocrx_word' id='word_1_249' title='bbox 188 1884 362 1926; x_wconf 74' lang='lat' dir='ltr'>videbunt,</span> <span class='ocrx_word' id='word_1_250' title='bbox 386 1885 506 1930; x_wconf 79' lang='lat' dir='ltr'>inquit,</span> <span class='ocrx_word' id='word_1_251' title='bbox 529 1896 673 1926; x_wconf 82' lang='lat' dir='ltr'>terram,</span> <span class='ocrx_word' id='word_1_252' title='bbox 707 1900 809 1931; x_wconf 84' lang='lat' dir='ltr'>quam</span> <span class='ocrx_word' id='word_1_253' title='bbox 840 1886 948 1932; x_wconf 71' lang='lat' dir='ltr'>juravi</span> <span class='ocrx_word' id='word_1_254' title='bbox 971 1886 1123 1931; x_wconf 79' lang='lat' dir='ltr'>patribus</span> <span class='ocrx_word' id='word_1_255' title='bbox 1149 1900 1207 1920; x_wconf 89' lang='lat' dir='ltr'>eo-</span> 
     </span>
    </p>
   </div>
   <div class='ocr_carea' id='block_1_3' title="bbox 68 1945 1209 1992">
    <p class='ocr_par' dir='ltr' id='par_1_3' title="bbox 68 1945 1209 1992">
     <span class='ocr_line' id='line_1_31' title="bbox 68 1945 1209 1992; baseline 0 -12"><span class='ocrx_word' id='word_1_256' title='bbox 68 1960 165 1980; x_wconf 87' lang='lat' dir='ltr'>rum:</span> <span class='ocrx_word' id='word_1_257' title='bbox 191 1945 335 1979; x_wconf 81' lang='lat' dir='ltr'>sed-filii</span> <span class='ocrx_word' id='word_1_258' title='bbox 360 1947 531 1992; x_wconf 79' lang='lat' dir='ltr'>ipsorum,</span> <span class='ocrx_word' id='word_1_259' title='bbox 564 1948 623 1992; x_wconf 82' lang='lat' dir='ltr'>qui</span> <span class='ocrx_word' id='word_1_260' title='bbox 645 1957 724 1982; x_wconf 77' lang='lat' dir='ltr'>sunt.</span> <span class='ocrx_word' id='word_1_261' title='bbox 744 1961 879 1981; x_wconf 81' lang='lat' dir='ltr'>mecum</span> <span class='ocrx_word' id='word_1_262' title='bbox 903 1948 977 1988; x_wconf 87' lang='lat' dir='ltr'>hic,</span> <span class='ocrx_word' id='word_1_263' title='bbox 1013 1947 1209 1992; x_wconf 70' lang='lat' dir='ltr'>quicunque</span> 
     </span>
    </p>
   </div>
   <div class='ocr_carea' id='block_1_4' title="bbox 71 2063 1210 2187">
    <p class='ocr_par' dir='ltr' id='par_1_4' title="bbox 71 2063 1210 2187">
     <span class='ocr_line' id='line_1_32' title="bbox 167 2063 1210 2107; baseline 0.001 -11"><span class='ocrx_word' id='word_1_264' title='bbox 167 2063 202 2107; x_wconf 87' lang='grc'>1)</span> <span class='ocrx_word' id='word_1_265' title='bbox 227 2063 282 2096; x_wconf 87' lang='lat' dir='ltr'>Sic</span> <span class='ocrx_word' id='word_1_266' title='bbox 309 2063 420 2097; x_wconf 87' lang='lat' dir='ltr'>Codd.</span> <span class='ocrx_word' id='word_1_267' title='bbox 449 2064 631 2106; x_wconf 69' lang='lat' dir='ltr'>Sagiensis,</span> <span class='ocrx_word' id='word_1_268' title='bbox 659 2064 900 2106; x_wconf 56' lang='lat' dir='ltr'>Car-nutensis,‚</span> <span class='ocrx_word' id='word_1_269' title='bbox 918 2064 1152 2104; x_wconf 70' lang='lat' dir='ltr'>Ebroicensis,</span> <span class='ocrx_word' id='word_1_270' title='bbox 1179 2075 1210 2097; x_wconf 78' lang='lat' dir='ltr'>ct</span> 
     </span>
     <span class='ocr_line' id='line_1_33' title="bbox 71 2108 1210 2156; baseline 0.002 -16"><span class='ocrx_word' id='word_1_271' title='bbox 71 2108 291 2141; x_wconf 72' lang='lat' dir='ltr'>Turonensis.</span> <span class='ocrx_word' id='word_1_272' title='bbox 352 2109 447 2142; x_wconf 78' lang='lat' dir='ltr'>Libri</span> <span class='ocrx_word' id='word_1_273' title='bbox 481 2109 561 2143; x_wconf 83' lang='lat' dir='ltr'>editi</span> <span class='ocrx_word' id='word_1_274' title='bbox 591 2111 640 2155; x_wconf 81' lang='lat' dir='ltr'>(v.</span> <span class='ocrx_word' id='word_1_275' title='bbox 670 2124 699 2143; x_wconf 92' lang='lat' dir='ltr'>c.</span> <span class='ocrx_word' id='word_1_276' title='bbox 735 2112 811 2144; x_wconf 85' lang='lat' dir='ltr'>cdd.</span> <span class='ocrx_word' id='word_1_277' title='bbox 844 2111 932 2156; x_wconf 84' lang='lat' dir='ltr'><strong>M.):</strong></span> <span class='ocrx_word' id='word_1_278' title='bbox 965 2123 1073 2156; x_wconf 77' lang='lat' dir='ltr'>„quae</span> <span class='ocrx_word' id='word_1_279' title='bbox 1108 2123 1210 2155; x_wconf 77' lang='lat' dir='ltr'>super</span> 
     </span>
     <span class='ocr_line' id='line_1_34' title="bbox 74 2155 554 2187; baseline 0 0"><span class='ocrx_word' id='word_1_280' title='bbox 74 2166 210 2187; x_wconf 83' lang='lat' dir='ltr'>omnem</span> <span class='ocrx_word' id='word_1_281' title='bbox 236 2163 384 2186; x_wconf 74' lang='lat' dir='ltr'>mentem</span> <span class='ocrx_word' id='word_1_282' title='bbox 410 2159 488 2187; x_wconf 76' lang='lat' dir='ltr'><strong>est.“</strong></span> <span class='ocrx_word' id='word_1_283' title='bbox 514 2155 554 2187; x_wconf 82' lang='lat' dir='ltr'>R.</span> 
     </span>
    </p>
   </div>
   <div class='ocr_carea' id='block_1_5' title="bbox 164 2208 978 2309">
    <p class='ocr_par' dir='ltr' id='par_1_5' title="bbox 164 2208 978 2309">
     <span class='ocr_line' id='line_1_35' title="bbox 164 2208 978 2256; baseline 0.006 -16"><span class='ocrx_word' id='word_1_284' title='bbox 164 2208 202 2252; x_wconf 78' lang='grc'>2)</span> <span class='ocrx_word' id='word_1_285' title='bbox 227 2209 328 2242; x_wconf 83' lang='lat' dir='ltr'>Num.</span> <span class='ocrx_word' id='word_1_286' title='bbox 352 2209 446 2249; x_wconf 89' lang='lat' dir='ltr'>XIV,</span> <span class='ocrx_word' id='word_1_287' title='bbox 470 2211 525 2244; x_wconf 82' lang='lat'>12.</span> <span class='ocrx_word' id='word_1_288' title='bbox 618 2212 656 2256; x_wconf 81' lang='lat'>³)</span> <span class='ocrx_word' id='word_1_289' title='bbox 680 2212 781 2246; x_wconf 88' lang='lat' dir='ltr'>Num.</span> <span class='ocrx_word' id='word_1_290' title='bbox 808 2211 901 2252; x_wconf 88' lang='lat' dir='ltr'>XIV,</span> <span class='ocrx_word' id='word_1_291' title='bbox 925 2212 978 2246; x_wconf 82' lang='lat'>22.</span> 
     </span>
     <span class='ocr_line' id='line_1_36' title="bbox 166 2265 528 2309; baseline 0.006 -10"><span class='ocrx_word' id='word_1_292' title='bbox 166 2265 205 2309; x_wconf 77' lang='lat'>⁴)</span> <span class='ocrx_word' id='word_1_293' title='bbox 230 2266 332 2300; x_wconf 82' lang='lat' dir='ltr'>Num.</span> <span class='ocrx_word' id='word_1_294' title='bbox 359 2265 450 2306; x_wconf 83' lang='lat' dir='ltr'>XIV,</span> <span class='ocrx_word' id='word_1_295' title='bbox 472 2267 528 2301; x_wconf 83' lang='grc'>23.</span> 
     </span>
    </p>
   </div>
  </div>
 </body>
</html>
