1427 2460
207 65 276 101 266
695 67 873 102 Omessms

211 166 342 190 tamum
366 158 509 201 prohat,
539 167 573 190 et
603 159 820 203 amplectitur
851 160 952 192 verba
987 172 1120 201 earum,
1153 171 1188 194 ut
1211 175 1250 195 ex
1275 164 1351 207 ipsis

210 229 344 253 aeterna
378 218 573 252 hominibus
602 218 675 264 jura
711 221 912 262 constituat,
950 231 982 255 et
1018 223 1160 256 saeculis
1192 224 1352 259 omnibus

211 282 433 314 observanda.
482 280 536 313 Ait
561 281 668 314 enim:
708 283 874 327 „ioquens
894 283 928 327 ¹)
954 295 1024 318 erat
1042 285 1078 329 ²)
1103 285 1272 321 Dominus
1307 288 1350 320 ad

211 344 351 376 Mosen:
389 351 479 376 recte
516 343 653 376 locutae
686 353 765 377 sunt
803 344 893 378 filiae
931 345 1104 391 salphaat.
1169 347 1277 383 Dabis
1313 348 1352 382 iis

208 405 455 450 possessionem
480 404 515 438 in
539 405 654 439 medio
679 407 823 440 fratrum
849 407 952 452 patris
972 408 1034 451 sui,
1060 418 1092 443 et
1113 409 1210 444 dabis
1224 420 1350 444 sortem

210 466 314 512 patris
337 467 488 512 ipsarum
512 467 610 512 ipsis;
634 477 666 501 et
688 467 764 502 filiis
780 468 882 502 Israel
900 471 1062 515 loqueris,
1087 471 1216 506 dicens:
1243 473 1351 506 hoino

209 529 236 563 si
254 538 412 563 mortuus
430 528 542 570 fuerit,
567 539 598 563 et
610 530 699 564 filius
722 544 795 564 non
820 533 922 566 fuerit
945 532 992 573 ei,
1015 533 1136 568 dabitis
1160 534 1351 568 haeredita-

210 601 276 625 tem
303 589 374 636 ejus
397 591 486 624 filiae
511 590 592 637 ejus.
633 591 789 637 Quod³)
813 593 930 628 sinon
950 595 1053 628 fuerit
1070 595 1101 628 ei
1125 596 1205 637 filia,
1229 596 1352 630 dabitis

209 655 452 688 haereditatem
482 654 577 687 fratri
612 653 692 701 ejus.
740 654 847 699 Quod
875 656 904 689 si
926 669 998 689 non
1021 657 1149 690 fuerint
1171 658 1201 691 ei
1224 659 1353 697 fratres,

209 716 331 750 dabitis
355 716 597 750 haereditatem
622 717 718 750 fratri
731 718 834 762 patris
848 716 929 764 ejus.
966 719 1074 763 Quod
1087 720 1204 754 sinon
1225 720 1352 753 fuerint

210 779 239 812 ei
264 780 382 812 fratres
405 780 510 824 patris
535 778 623 825 ejus,
649 780 771 813 dabitis
795 781 1036 814 haereditatem
1061 782 1269 822 domestico,
1293 782 1351 827 qui

210 840 313 874 fuerit
333 840 569 886 propinquior
592 841 642 874 illi
666 854 704 874 ex
728 843 819 876 tribu
843 857 914 883 sua,
938 853 970 876 et
985 844 1094 889 capiet
1108 843 1349 878 haereditatem

209 901 295 948 ejus:
321 912 353 935 et
377 902 440 936 erit
464 904 530 936 hoc
554 903 630 937 filiis
655 903 754 937 Israel
776 902 970 948 justificatio
995 903 1132 950 judicii,
1154 905 1241 939 sicut
1265 919 1349 938 con-

207 965 314 999 stituit
337 965 511 999 Dominus
539 965 663 998 Mosi.“
720 966 814 998 Haec
843 968 1031 1000 secundum
1063 967 1238 1000 historiam
1269 968 1352 1012 quid

208 1028 329 1071 vigoris
354 1029 513 1066 habeant,
537 1027 698 1060 omnibus
720 1027 835 1071 palam
861 1037 919 1068 est,
943 1028 1002 1072 qui
1023 1028 1144 1069 sciunt,
1167 1030 1255 1071 leges
1276 1028 1354 1063 istas

209 1103 280 1122 non
303 1090 415 1123 solum
441 1089 534 1134 apud
557 1088 647 1121 filios
671 1088 772 1121 Israel
806 1089 986 1130 custodiri,
1017 1091 1077 1124 sed
1109 1090 1201 1134 apud
1235 1103 1353 1124 omncs

209 1151 377 1191 homines,
401 1150 459 1195 qui
483 1159 598 1183 tamen
624 1150 752 1192 legibus
777 1150 902 1184 vivunt.
948 1151 1051 1184 Unde
1075 1162 1232 1198 apparet,
1257 1154 1351 1197 quod

210 1214 347 1247 libertas
377 1213 524 1246 filiarum
550 1212 715 1257 Salphaat
748 1225 821 1245 non
855 1213 967 1246 solum
998 1213 1078 1258 ipsis
1109 1214 1351 1248 haereditatem

212 1274 410 1315 contulerit,
445 1276 503 1308 sed
537 1284 568 1308 et
599 1283 765 1319 perpetua
797 1274 928 1307 vivendi
952 1273 1026 1321 jura
1049 1276 1186 1309 saeculo
1212 1276 1353 1309 dederit.

210 1338 321 1377 Vides,
346 1345 472 1382 quanta
495 1337 536 1370 sit
559 1338 662 1370 etiam
687 1335 848 1370 historiae
870 1336 974 1381 ipsius
988 1337 1111 1377 utilitas
1131 1339 1166 1371 in
1188 1338 1260 1380 lege
1273 1337 1350 1370 Dei.

208 1400 294 1450 Quis
316 1409 428 1445 potest
452 1401 539 1442 leges
562 1399 639 1432 istas
672 1398 859 1443 aliquando
891 1397 1089 1438 dissolvere,
1120 1399 1245 1442 quibus
1274 1397 1352 1431 uni--

208 1475 321 1496 versus
345 1462 451 1495 utitur
473 1461 648 1495 mundus?
695 1460 764 1494 Sed
788 1469 902 1492 tamen
926 1473 990 1493 nos
1014 1472 1234 1504 quaeramus,
1263 1473 1352 1505 quo-

209 1526 317 1558 modo
353 1524 451 1557 etiam
483 1522 703 1568 spiritualiter
732 1521 960 1555 aedificemur.
1009 1524 1127 1556 Potest
1150 1522 1242 1556 enim
1266 1522 1351 1563 fieri,

209 1596 246 1619 ut
257 1598 370 1631 neque
383 1583 520 1629 filiae4)
533 1584 618 1618 mihi
636 1585 702 1618 sint
718 1584 907 1618 secundum
929 1597 1077 1624 carnem,
1095 1584 1350 1630 nequealiquid

208 1649 314 1688 ruris,
347 1647 443 1694 cujus
473 1647 549 1692 capi
579 1647 685 1692 possit
714 1646 911 1680 haereditas.
969 1645 1064 1690 Quid
1099 1645 1204 1689 ergo?
1256 1645 1351 1679 Nihil

210 1712 301 1757 apud
321 1709 472 1749 eum,cui
486 1708 684 1756 hujusmodi
694 1717 750 1749 est,
766 1708 826 1741 ista
843 1709 894 1740 lex
910 1707 1120 1756 operabitur,
1135 1716 1166 1741 et
1177 1707 1238 1741 erit
1247 1707 1348 1741 alicui

211 1774 370 1815 otiosum,
395 1773 491 1818 quod
515 1772 628 1806 divina
645 1784 727 1805 voce
739 1770 905 1804 sancitum
924 1770 994 1804 est?
1023 1769 1252 1815 Requiramus
1269 1782 1348 1813 ergo

302 1962 336 2005 ¹)
361 1961 462 1994 Num.
487 1959 623 1999 XXVI,
647 1960 784 1994 6-11.

301 2017 338 2061 ²)
363 2017 452 2051 Edd.
477 2014 618 2050 Merliui
640 2028 839 2060 perperam:
864 2014 937 2048 crit.

300 2074 337 2117 3)
364 2073 446 2107 Mss.
476 2071 606 2115 „Quod
637 2071 664 2105 si
694 2084 767 2105 non
798 2070 899 2104 fuerit
929 2069 958 2103 ei
990 2069 1087 2102 filia“
1125 2077 1205 2107 etc..
1241 2077 1274 2100 et
1300 2068 1346 2100 ita

213 2120 311 2151 haber
336 2127 445 2151 textus
468 2130 616 2159 graecus.
652 2116 746 2150 Male
770 2130 848 2159 crgo
874 2114 952 2148 libri
971 2114 1051 2148 editi
1076 2113 1123 2158 (v.
1143 2111 1345 2153 e.edd.M.)

212 2165 353 2198 habent:
378 2163 508 2207 „Quod
533 2163 560 2196 si
584 2175 655 2195 non
679 2161 807 2195 fuerint
829 2161 859 2194 ei
882 2161 1005 2194 filiae.“
1038 2160 1080 2193 R.

303 2219 340 2263 ⁴²)
363 2219 444 2253 Mss.
475 2218 644 2263 (itemque
674 2218 750 2251 edd.
783 2217 867 2261 M.)
911 2215 1067 2256 „filiae.“
1118 2214 1211 2248 Libri
1249 2211 1344 2247 editi:

211 2264 334 2306 „filii.“
370 2263 410 2296 R.
