1427 2460
324 84 362 110 m
383 75 561 109 Nummos
583 72 744 107 Honmm
764 71 825 104 IX.
1105 71 1147 105 77

19 167 127 212 gloria
150 179 223 200 non
247 165 370 211 poterit
393 164 679 209 resplendescere,
694 162 728 208 ¹)
759 161 824 195 nisi
855 173 929 194 eam
959 160 1150 196 infidelium

20 228 218 275 reprobatio
244 237 276 261 et
297 239 410 271 poena
433 225 655 259 commendet.
711 223 828 268 Sed2)
860 232 891 256 et
915 236 951 255 ex
974 222 1030 263 iis,
1063 236 1151 268 quae

0 291 172 333 degimus,
192 288 312 331 singuli
336 287 461 332 quique
490 287 657 333 justorum
689 285 793 327 magis
825 298 863 318 ex
895 286 1152 329 comparatione

25 361 214 386 ceterorum
240 350 320 382 clari
342 349 499 382 videntur
519 348 628 380 *habiti
652 348 743 392 apud
760 347 884 380 Deum.
927 347 1086 391 Denique
1109 347 1152 379 de

22 414 99 447 Noti
133 412 294 459 scriptum
327 409 431 454 est,³>
469 409 564 453 quod
601 417 684 441 esset
714 407 819 453 justus
853 418 884 441 et
914 410 1080 453 perfectus
1115 409 1153 442 in

23 472 236 515 generatione
260 484 330 505 sua.
381 472 420 503 In
445 484 512 515 quo
540 469 746 509 ostenditur,
781 470 875 514 quod
905 483 977 502 non
1003 483 1040 502 ex
1064 469 1152 502 inte-

23 547 82 577 gro
107 535 291 579 perfectus,
307 549 311 554 ·
327 533 385 565 sed
408 531 443 564 in
467 533 679 572 generatione
701 544 759 564 sua
782 532 949 575 perfectus
972 531 1091 570 fuerit,
1121 540 1154 563 et

23 597 67 629 ad
91 595 381 639 comparationem
406 603 596 626 ceterorum
621 592 725 638 justus
748 592 988 638 pronuntiatus
1011 593 1061 625 sit.
1100 592 1154 626 Si-

23 656 97 689 mili
119 657 226 690 modo
249 666 332 701 puto
359 655 457 688 etiam
485 656 527 687 de
550 655 638 687 Loth
651 655 857 687 habendum.
898 653 1037 697 Quanto
1063 654 1155 688 enim

25 718 209 752 deteriores
240 716 391 763 quotidie
421 717 548 749 fiebant
571 715 788 756 Sodomitae,
824 724 919 748 tanto
950 715 1007 749 ille
1035 714 1156 761 justior

25 780 220 825 apparebat.
265 779 334 812 Sed
359 787 391 811 et
412 777 447 811 iu
471 778 538 811 hoc
568 778 643 822 ipso
667 777 778 819 libro,
793 777 829 820 ⁴)
865 791 966 822 quem
990 778 1155 812 habemus

25 841 61 875 in
84 841 252 881 manibus,
274 854 352 874 cum
374 839 512 882 ingressi
527 848 634 874 essent
655 839 689 880 ii,
713 840 770 883 qui
786 840 999 884 inspexerant
1019 849 1157 880 terram,

28 912 61 936 et
84 903 201 936 decem
226 915 263 935 ex
285 902 324 936 iis
346 901 549 935 meticulosis
573 900 787 934 sermonibus
805 901 1076 946 desperationem
1092 914 1157 946 po-

27 965 111 1010 pulo
125 964 161 1008 ⁵)
183 963 406 1003 incussissent,
429 964 500 996 duo
523 976 604 996 vero
627 962 761 1007 reliqui,
784 963 820 996 id
837 972 895 1004 est,
920 962 1025 996 Calcb
1051 972 1083 995 et
1095 964 1159 995 Jo-

28 1025 145 1069 sue,⁶)
167 1026 260 1059 bona
281 1025 494 1066 nuntiarent,
524 1034 556 1058 et
587 1024 804 1058 hortarentur
832 1025 1001 1070 populum
1025 1038 1160 1070 perma-

29 1100 112 1120 nere
132 1086 168 1120 in
191 1087 380 1131 proposito,
403 1086 594 1119 immortale
616 1086 655 1119 iis
677 1099 696 1119 a
714 1086 868 1120 Domino
892 1087 1050 1120 meritum
1076 1100 1159 1120 con-

31 1148 107 1182 tulit
128 1161 199 1181 non
224 1157 353 1180 tantum
384 1161 442 1181 sua
467 1148 651 1187 confessio,
682 1158 848 1192 quantum
877 1149 1026 1182 formido
1059 1150 1161 1182 soda-

31 1210 125 1243 lium.
172 1210 291 1254 Neque
315 1209 406 1242 enim
429 1219 497 1242 tam
519 1209 697 1251 magnifice
722 1210 758 1242 in
781 1210 820 1242 iis
844 1209 946 1244 virtus
970 1209 1073 1243 animi
1091 1210 1160 1243 cla-

33 1273 163 1312 ruisset,
184 1271 249 1304 nisi
271 1270 482 1314 reliquorum
506 1271 624 1303 decem
647 1271 753 1315 turpis
765 1270 914 1313 ignaviae
934 1271 1084 1305 formido
1100 1285 1162 1317 pa-

31 1332 154 1367 tuisset.
191 1332 284 1364 Haec
300 1341 411 1364 autem
428 1331 569 1365 diximus
587 1333 629 1364 de
655 1332 776 1366 batillis
796 1346 926 1373 eorum,
953 1333 1010 1378 qui
1034 1334 1162 1366 conde-

31 1394 138 1427 mnati
151 1402 238 1436 sunt,
252 1406 338 1438 quae
352 1393 448 1425 altari
460 1391 622 1438 jubentur
632 1394 731 1436 affigi,
747 1396 839 1440 quod
854 1407 891 1427 ex
907 1395 1163 1439 comparatione

32 1455 232 1490 inferiorum
255 1453 332 1500 justi
355 1464 540 1499 appareant
563 1455 740 1495 clariores,
773 1455 872 1489 simul
903 1466 941 1489 ut
966 1465 998 1489 et
1019 1456 1163 1501 posteris

34 1519 171 1551 daretur
192 1516 396 1561 exemplum,
418 1529 462 1549 ne
486 1515 559 1561 quis
581 1516 833 1560 praesumtione
864 1517 1003 1562 superbi
1026 1518 1162 1562 spiritus

33 1592 108 1613 non
131 1577 194 1612 sibi
218 1592 235 1611 a
259 1578 336 1611 Deo
362 1579 479 1612 datum
501 1591 624 1611 munus
647 1579 864 1623 pontificatus
887 1579 1077 1620 invaderet,
1103 1580 1163 1613 sed

33 1650 72 1674 ut
93 1640 143 1674 ini
168 1641 274 1680 cedat,
298 1653 399 1684 quem
422 1653 495 1673 non
518 1639 658 1673 ambitio
683 1641 841 1681 humana,
870 1654 942 1674 non
965 1643 1062 1674 favor
1086 1654 1163 1673 cor-

35 1711 154 1748 ruptus
178 1701 369 1742 adsciverit,
398 1714 461 1734 nec
484 1701 614 1743 largitio
640 1703 901 1735 condemnanda
923 1702 1164 1744 subrogaverit,

37 1764 95 1798 sed
119 1763 317 1796 meritorum
342 1762 557 1803 conscientia„
581 1772 613 1795 et
635 1763 702 1796 Dei
725 1765 880 1797 voluntas
905 1764 1104 1797 assumserit.

125 1827 157 1860 2.
181 1825 264 1859 Post
286 1825 370 1857 haec
392 1825 553 1857 refertur:
581 1834 636 1865 „et
650 1825 685 1868 ⁷)
716 1835 1020 1867 murmuraverunt,
1043 1825 1162 1870 inquit,

131 1978 167 2023 ι)
190 1974 279 2012 Edd.
303 1975 462 2010 Merlini:
485 1976 710 2020 resplendere.

129 2034 167 2078 2)
190 2034 254 2067 Ed.
276 2034 385 2068 Ruaei
408 2034 496 2068 sola:
521 2033 589 2066 Sed
615 2047 652 2067 ex
674 2033 714 2066 iis
739 2042 799 2067 etc.

129 2089 166 2134 3)
191 2090 276 2124 Gen.
299 2090 358 2130 VI,
380 2089 411 2124 9.
506 2089 542 2134 ¹²)
569 2089 637 2123 Cfr.
661 2089 763 2123 Num.
786 2088 878 2124 XIV.

129 2147 164 2191 ⁵)
190 2147 255 2180 Ed.
278 2146 387 2180 Ruaei
418 2146 507 2180 sola:
531 2145 664 2191 populi.

130 2202 167 2246 ⁶)
188 2203 278 2237 Edd.
302 2202 441 2236 Merlini
463 2215 656 2247 perperam:
680 2203 839 2236 Joannes.

131 2260 168 2304 7)
190 2261 292 2293 Num.
316 2259 410 2302 xvi,
431 2260 485 2296 41.
509 2260 565 2294 42.
587 2260 641 2294 43.
