1427 2460
178 83 224 118 54
658 81 836 118 Omoems

181 173 260 206 Deo
294 186 396 218 quam
431 171 576 206 maxime
607 172 804 219 displicere,
841 173 985 207 dicitur:
1015 173 1320 218 „detrahentem')

183 235 313 268 occulte
338 236 495 268 adversus
531 235 725 278 proximum
755 249 854 268 suum
885 235 1146 280 persequebar.“
1199 235 1250 268 Ex
1281 234 1321 270 iis

181 295 283 337 igitur
308 296 467 330 omnibus
492 296 624 329 divinae
653 297 840 342 scripturae
863 297 1098 337 sermonibus,
1129 297 1221 330 velut
1250 297 1322 339 gla-

183 357 244 390 diis
269 357 473 402 quibusdam
497 358 658 403 utrinque
687 358 807 399 acutis,
836 359 1050 392 obtrectandi
1075 358 1251 399 fratribus,
1291 367 1324 392 et

183 418 371 459 derogandi
408 420 527 453 sanctis
556 420 674 454 vitium
707 433 905 454 resecemus.
969 421 1078 466 Lepra
1111 421 1202 453 enim
1240 433 1325 453 con-

182 480 335 524 sequitur
372 482 570 523 derogantes
613 491 644 514 et
681 483 880 523 cacologos,
920 482 956 515 id
995 491 1058 521 est,
1099 482 1324 525 maleloquos.

182 540 266 574 Post
291 542 372 576 haec
397 553 510 576 autem
536 557 554 576 a
577 544 765 577 moralibus
791 545 833 577 ad
858 543 1114 586 intelligentiam
1147 541 1323 589 mysticam

183 611 401 637 transeamus.
451 604 614 648 Quamvis
641 615 672 638 et
695 605 729 649 in
754 604 929 650 superiore
953 613 1097 638 tractatu
1120 617 1229 649 pauca
1253 602 1322 649 jam

186 663 274 697 dicta
303 665 387 706 sint,
421 676 534 699 tamen
570 680 657 712 quae
681 666 826 700 defuisse
848 666 1016 706 videntur,
1041 667 1215 698 addemus.
1261 664 1323 697 Vi-

185 725 327 760 deamus
352 740 442 770 erg0,
468 729 541 773 quis
566 738 623 769 est,
647 729 705 773 qui
731 729 871 770 derogat
884 727 985 767 Mosi,
1011 727 1084 772 quis
1102 728 1145 761 de
1169 739 1210 759 eo
1234 726 1324 758 male

185 787 349 832 loquitur.
396 790 476 822 Non
495 791 608 824 solum
633 789 778 829 Judaei‚
811 791 869 823 sed
903 798 936 822 et
966 789 1146 829 haeretici,
1168 788 1227 833 qui
1249 800 1324 820 non

186 849 354 893 recipiunt
384 851 492 892 legem
525 861 557 884 et
588 852 794 896 prophetas,
834 851 933 884 etiam
967 849 1033 895 ipsi
1067 850 1250 884 detrahunt
1281 849 1324 882 de

185 908 296 946 Mose.
342 911 504 957 Denique
527 913 638 946 solent
663 913 692 946 ei
719 912 817 946 ctiam
842 912 971 945 crimen
985 911 1182 955 impingere,
1207 909 1323 943 dicen-

184 978 244 1011 tes,
271 972 348 1016 quia
372 973 545 1008 homicida
570 974 632 1008 fuit
649 975 776 1015 Moses,
799 974 970 1008 interfecit
989 973 1078 1007 enim
1097 970 1324 1016 Aegyptium:

186 1041 219 1065 et
243 1032 307 1066 alia
330 1036 449 1074 multa,
472 1036 524 1069 vel
548 1036 583 1069 in
607 1035 736 1081 ipsum,
771 1036 823 1069 vel
847 1036 882 1069 in
907 1036 1092 1081 prophetas
1116 1033 1321 1077 blasphemo

187 1106 246 1126 ore
272 1096 488 1130 concinnant.
535 1098 593 1132 Isti
617 1111 707 1140 ergo,
732 1098 811 1142 quia
837 1098 1022 1130 detrahunt
1053 1095 1166 1135 Mosi,
1198 1095 1327 1127 habent

186 1154 316 1200 lepram
341 1157 377 1190 in
411 1159 521 1191 anima
558 1173 634 1199 sua,
673 1169 704 1192 et
741 1169 820 1192 sunt
849 1159 884 1192 in
916 1157 1058 1191 homine
1088 1157 1253 1190 interiore
1277 1157 1326 1189 le-

186 1217 290 1260 prosi,
315 1227 347 1251 et
371 1219 448 1253 ideo
481 1222 651 1255 habentur
681 1231 770 1255 extra
795 1230 902 1254 castra
927 1218 1088 1254 ecclesiae
1111 1218 1190 1254 Dei.
1248 1217 1326 1250 Sive

188 1290 268 1320 ergo
294 1280 453 1315 haeretici
479 1282 560 1324 sint,
597 1283 655 1328 qui
682 1284 848 1327 derogant
873 1282 981 1322 Mosi,
1011 1281 1078 1314 sive
1111 1281 1155 1313 de
1186 1279 1326 1314 ecclesia

186 1339 263 1380 sint,
288 1341 345 1386 qui
371 1344 552 1378 detrahunt
575 1345 754 1385 fratribus,
787 1354 818 1377 ct
848 1345 937 1377 male
960 1344 1152 1387 loquuntur
1176 1342 1220 1374 de
1241 1354 1324 1385 pro-

187 1401 284 1434 ximis
307 1404 384 1443 suis,
410 1417 527 1439 omncs
553 1406 611 1450 qui
635 1407 702 1440 hoc
722 1405 802 1439 vitio
819 1414 975 1448 aguntur,
1001 1402 1227 1437 dubitandum
1252 1415 1325 1435 non

187 1472 235 1496 est
267 1464 348 1509 quin
374 1466 498 1511 leprosi
532 1468 599 1500 sint
628 1467 664 1499 in
699 1467 812 1500 anima
841 1480 910 1501 sua.
965 1466 1011 1498 Et
1042 1464 1152 1497 Maria
1185 1463 1324 1509 quidem

185 1524 429 1560 interveniente
461 1530 577 1561 Aaron
607 1528 771 1573 pontifice
805 1527 947 1572 septima
979 1525 1034 1559 die
1074 1535 1230 1559 curatur:
1259 1538 1324 1559 nos

185 1598 266 1618 vero
291 1586 366 1630 si2)
401 1589 656 1624 obtrectationis
687 1589 766 1623 vitio
800 1587 1019 1622 inciderimus
1049 1587 1084 1621 in
1117 1587 1250 1620 animae
1274 1587 1325 1619 le-

185 1661 295 1692 pram,
318 1663 425 1695 usque
449 1653 491 1685 ad
517 1653 622 1685 finem
656 1651 864 1696 septimanae
888 1651 1027 1689 mundi,
1056 1649 1093 1682 id
1118 1657 1184 1689 est,
1215 1660 1325 1692 usque

187 1710 231 1742 ad
267 1712 525 1747 resurrectionis
562 1723 694 1759 tempus
729 1711 858 1757 leprosi
893 1711 929 1745 in
962 1712 1074 1744 anima
1104 1708 1323 1755 permanebi-

186 1771 330 1817 mus,³)
363 1782 396 1806 et
418 1759 608 1809 immundi:
645 1773 710 1808 nisi
742 1775 824 1807 dum
856 1771 1057 1818 poenitendi
1096 1781 1231 1816 tempus
1265 1778 1323 1810 est,

185 1833 406 1875 corrigamur,
432 1845 464 1868 et
488 1835 641 1869 conversi
666 1836 709 1868 ad
740 1835 934 1868 Dominum
958 1835 1092 1873 Jesum,
1127 1846 1166 1866 ac
1189 1831 1321 1877 suppli·

185 1904 296 1928 cantes
322 1896 362 1937 ei,
385 1910 448 1941 per
471 1896 715 1941 poenitentiam
739 1910 926 1942 purgemur
956 1897 998 1929 ab
1023 1893 1240 1928 immunditia
1273 1894 1322 1926 le-

184 1968 265 2000 prae
289 1967 434 1991 nostrae.
482 1959 556 2001 Ego
583 1967 695 1991 autem
720 1969 819 2004 puto,
845 1958 939 2004 quod
964 1970 1035 1990 non
1059 1957 1152 1990 solus
1175 1954 1234 1988 ille
1257 1967 1322 1999 po·

282 2074 317 2116 ¹)
341 2074 464 2107 Psalm.
491 2074 546 2114 CI,
569 2075 602 2110 5.

277 2129 314 2173 ²)
338 2130 428 2163 Edd.
453 2131 611 2163 'Merliniz
643 2131 669 2164 si
700 2131 736 2164 in
768 2130 1021 2164 obtrectationis
1045 2128 1165 2163 vitium
1188 2126 1320 2161 incide-

186 2174 300 2214 rimus,
325 2175 361 2207 in
385 2174 518 2209 animae
541 2176 674 2220 lepram
697 2190 806 2221 usque
831 2185 890 2209 etc.

278 2231 314 2274 ³)
339 2229 419 2263 Mss.
442 2231 772 2274 „pcrmmcbimusf‘
812 2230 904 2264 Libri
922 2229 1000 2264 editi
1025 2230 1072 2273 (e.
1091 2242 1119 2263 c.
1138 2228 1206 2263 edd
1232 2225 1318 2271 M.):

183 2280 479 2320 „permanemus.“
503 2276 543 2308 R.
