1427 2460
212 89 279 125 196
399 78 403 79 ⁷
716 87 894 121 Omossms

214 179 257 213 ab
282 182 356 212 eo.“
410 177 525 222 Quem
556 177 655 211 etiam
691 179 874 222 Apostolus
914 189 992 210 suus
1030 175 1155 209 Paulus
1189 175 1348 218 imitatus,

215 241 334 274 dolens
360 239 527 272 convertit
552 251 596 279 se,
622 248 653 271 et
676 239 721 271 ait
745 237 877 283 spiritui
902 236 1084 284 Pythonis:
1109 236 1349 282 „praecipio¹)

215 301 278 335 tibi
306 301 341 333 in
371 300 514 333 nomine
543 301 625 334 Jesu
651 299 794 339 Christi,
828 299 962 333 discede
995 299 1038 331 ab
1073 302 1149 332 ea.“
1206 298 1246 331 In
1279 310 1348 344 quo

215 361 367 408 requiras
390 363 548 402 fortasse,
582 361 664 407 qnid
697 361 817 395 dolens
841 361 982 401 Paulus,
1016 360 1171 406 increpat
1193 359 1350 405 spiritum

215 423 393 472 Pythonis.
440 423 618 468 Numquid
655 422 783 467 aliquid
808 423 1046 467 blasphemum
1071 421 1222 456 dixerat?
1268 421 1351 455 Mu·

214 485 277 518 lier
302 485 411 525 enim,
445 485 573 529 inquit,
614 485 742 518 habens
774 484 930 529 spiritum
954 483 1120 531 Pythonis
1143 483 1350 529 sequebatur

216 547 379 586 Paulum,
413 555 444 579 et
470 559 546 586 eos,
578 545 637 591 qui
661 559 739 578 cum
759 559 799 578 eo
825 555 936 586 erant,
969 555 1001 579 et
1025 545 1193 579 clamabat
1217 544 1350 578 dicens:

214 608 338 654 „isti²)
372 609 527 642 homines
563 607 648 640 servi
679 617 757 641 sunt
787 607 910 641 summi
940 607 1025 647 Dei,
1061 606 1119 652 qui
1149 606 1351 640 annuntiant

215 671 304 704 viam
333 670 462 704 salutis:
489 679 521 703 et
552 670 619 703 hoc
651 669 797 702 faciebat
835 682 898 714 per
933 669 1003 702 dies
1034 669 1191 701 multos.⁴‘
1247 665 1351 699 Unde

216 733 406 767 ostenditur
426 745 496 765 non
523 745 587 776 pro
612 731 823 775 blasphemia
849 730 998 764 doluisse
1019 730 1179 769 Paulum,
1200 729 1261 763 sed
1283 741 1348 772 pro
1398 734 1404 739 ’

217 807 268 834 eo,
289 794 384 838 quod
404 792 581 835 indignum
597 792 762 838 judicaret
785 791 936 826 sermoni
953 806 1015 825 suo
1030 792 1073 825 ab
1090 790 1208 836 spiritu
1222 789 1351 837 Pytho-

215 855 266 889 nis
291 854 520 889 testimonium
547 854 629 888 dari.
679 855 786 899 Quod
816 855 843 888 si
867 855 994 887 Paulus
1026 851 1255 887 testimonium
1285 848 1351 884 sibi
1405 876 1407 881 ,

217 929 294 950 enm
329 918 411 950 dare
451 930 523 950 non
560 917 704 961 patitur,
749 917 808 950 sed
840 916 935 949 dolet
966 928 1068 960 super
1102 914 1185 946 hoc:
1221 921 1349 958 quanto

215 978 320 1020 magis
345 979 462 1012 dolere
488 979 669 1019 debemus,
694 979 720 1011 si
747 979 884 1023 quando
911 977 1022 1021 decipi
1044 975 1198 1008 videmus
1221 974 1351 1007 animas

217 1042 260 1073 ab
285 1040 342 1079 iis,
367 1039 425 1084 qui
449 1039 539 1072 velut
563 1040 678 1072 divino
703 1039 802 1072 alicui
826 1038 957 1084 spiritui
980 1036 1165 1085 Pythonis,
1191 1045 1247 1070 aut
1270 1048 1351 1069 ven·
1383 1080 1384 1083 Ἴ

216 1102 387 1146 triloquo,
425 1110 483 1133 aut
516 1101 650 1140 divino,
688 1110 746 1134 aut
780 1100 916 1142 auguri,
952 1101 1004 1132 vel
1039 1099 1111 1132 aliis
1144 1096 1352 1143 quibuslibet
1406 1127 1409 1130 ⁴

216 1163 417 1209 hujusmodi
462 1162 687 1195 daemonibus
736 1161 903 1195 credunt?
968 1161 1116 1205 Propter
1157 1160 1225 1193 hoc
1270 1170 1349 1201 ergo
1403 1177 1410 1188 ι

215 1224 360 1266 „non³)
386 1224 466 1264 erit,
497 1223 622 1269 inquit,
661 1223 838 1265 auguratio
865 1223 899 1256 in
923 1221 1053 1262 Jacob,
1083 1234 1196 1266 neque
1221 1219 1350 1254 divina-

215 1285 264 1319 tio
288 1287 324 1320 in
348 1286 484 1319 Israel.“
531 1285 601 1319 Sed
639 1285 722 1330 quid
752 1285 791 1318 iis
824 1283 986 1318 additur?
1041 1283 1110 1323 „In
1122 1282 1160 1328 4)
1184 1292 1352 1327 tempore,

215 1347 344 1392 inquit,
376 1347 507 1380 dicetur
531 1347 661 1386 Jacob,
693 1355 725 1379 et
751 1346 880 1386 Israeli,
913 1345 996 1389 quid
1038 1344 1190 1389 perficiet
1220 1343 1352 1376 Deus.“

216 1409 312 1454 Quid
339 1418 402 1442 est:
427 1409 482 1448 „in
506 1417 662 1453 tempore
688 1407 872 1441 dicetur?“
922 1406 1010 1438 Cum
1035 1401 1188 1450 opor-tes,
1214 1413 1247 1437 et
1272 1417 1350 1438 cum

217 1470 368 1516 expedit,
400 1470 466 1503 hoe
492 1479 556 1503 est:
591 1469 646 1510 „in
673 1471 860 1514 tempore.“
920 1467 956 1501 Si
982 1478 1061 1508 ergo
1096 1464 1229 1511 expedit
1250 1477 1350 1510 prae-

215 1545 358 1566 noscere
382 1544 445 1565 nos
468 1533 599 1572 futura,
631 1531 787 1564 dicentur
812 1544 829 1563 a
855 1529 932 1562 Deo
957 1541 1020 1573 per
1042 1528 1249 1573 prophetam
1271 1527 1351 1567 Dei,

216 1606 278 1638 per
308 1593 474 1638 Spiritum
506 1602 669 1626 sanctum.
734 1593 770 1625 Si
803 1604 881 1625 vero
918 1604 991 1623 non
1025 1590 1204 1629 dicuntur,
1237 1600 1351 1634 neque
1391 1594 1401 1610 ·“

217 1654 471 1694 denuntiantur,
494 1654 588 1695 scito,
615 1655 692 1699 quia
716 1667 788 1687 non
814 1653 914 1686 nobis
940 1652 1073 1697 expedit
1086 1660 1227 1684 ventura
1249 1662 1350 1696 prae-

217 1729 368 1752 noscere.
415 1718 521 1767 Quod
551 1717 578 1750 si
601 1716 731 1749 idcirco
756 1728 829 1748 non
855 1715 1016 1747 dicuntur
1038 1713 1154 1751 nobis,
1182 1711 1260 1758 quia
1283 1724 1350 1745 no·
1383 1724 1385 1726 ·

216 1778 268 1811 bis
302 1791 340 1811 ea
372 1777 457 1811 scire
485 1791 556 1811 non
591 1777 743 1823 expedit,
780 1776 838 1821 qui
869 1775 1006 1809 diversis
1032 1774 1180 1814 artibus,
1214 1784 1246 1808 et
1268 1774 1350 1807 dae·
1384 1802 1397 1818 ἦ,

216 1852 362 1872 monum
385 1838 657 1872 invocationibus
682 1838 827 1881 gestiunt
850 1840 965 1871 futura
990 1848 1231 1882 praenoscere.
1263 1834 1349 1869 nihil
1384 1847 1391 1855 “

1395 1289 1414 1575 &kajafin-:zue

217 1900 310 1934 aliud
342 1900 487 1941 faciunt,
525 1899 588 1933 nisi
621 1913 658 1933 ea
689 1899 831 1945 cupiunt
861 1899 1008 1938 discere,
1048 1909 1136 1943 quae
1172 1896 1236 1932 sihi
1264 1896 1350 1931 scire
1384 1920 1388 1922 >

312 2067 346 2113 1>
372 2070 443 2102 Act.
467 2068 561 2108 XVI,
584 2068 636 2103 18.
842 2066 879 2111 ²)
903 2068 975 2100 Act.
999 2064 1092 2106 XVI,
1116 2066 1170 2100 17.
1195 2063 1248 2100 18.

310 2123 348 2166 ³)
372 2124 473 2157 Num.
497 2122 625 2163 XXIII,
650 2123 702 2157 23.

307 2178 344 2223 ⁴)
368 2179 470 2212 Num.
494 2179 626 2218 XXIII,
647 2180 701 2213 23.
733 2197 773 2204 —-
820 2177 909 2211 Edd.
940 2179 990 2212 M.
1029 2186 1060 2211 et
1090 2177 1131 2210 R.
1165 2176 1232 2210 hoc
1255 2176 1346 2216 loco,

217 2223 277 2258 eft.
300 2236 375 2269 pag.
399 2223 474 2260 182.
496 2233 568 2258 not.
589 2225 620 2257 2.
647 2232 678 2257 et
700 2235 775 2268 pag.
811 2223 886 2258 190.
910 2232 983 2257 not.
1007 2223 1037 2257 4.
1081 2221 1207 2266 „quod
1240 2221 1345 2266 perfi-

217 2270 299 2303 ciet‘·
323 2278 384 2302 etc.
