1427 2460
338 105 374 129 m
396 96 575 129 Nummos
601 93 762 128 HommA
777 93 850 127 VII.
1116 93 1161 126 59

28 186 204 233 pervenire
229 185 378 232 potuerit
390 187 433 219 ad
448 186 634 230 perfectum
658 193 688 217 et
702 183 868 227 integrum
883 192 1028 228 partum.
1066 181 1161 216 Sicut

29 248 118 281 enim
143 251 284 282 aborsus
307 247 522 292 imperfectus
547 256 577 279 et
598 246 846 290 incompositus
877 253 924 277 est
952 253 1083 289 partus:
1116 243 1162 276 ita

30 318 62 341 ct
84 309 142 342 ille
171 310 318 354 populus
352 309 523 353 aliquanto
563 307 701 352 quidem
730 317 887 352 tempore
917 306 1004 339 intra
1027 306 1161 338 vulvam

29 369 154 410 matris,
177 371 242 402 hoc
268 380 323 411 est,
346 372 432 404 intra
456 383 643 418 synagogae
658 369 901 402 institutionem
926 368 1056 412 positus
1080 366 1161 399 fuit:

29 432 88 464 sed
109 431 253 475 peccatis
276 432 581 472 intercedentibus,
613 431 755 464 formari
780 432 822 463 ad
846 431 1032 471 integrum,
1056 428 1162 461 vivifi-

31 492 167 537 carique
197 506 269 526 non
301 494 429 538 potuit:
468 503 498 526 ct
527 493 605 526 ideo
639 491 760 537 abjecti
791 500 869 525 sunt
898 491 989 523 velut
1019 491 1161 523 aborsus

27 552 242 598 imperfectus
266 564 297 588 et
320 555 530 593 immaturus,
555 563 696 599 peccato
719 553 846 587 scilicet
869 560 1088 585 consumente
1111 551 1164 584 di-

28 614 188 656 midium,
222 626 260 649 ut
283 618 343 657 ait,
377 616 485 651 carnis
510 615 589 662 ejus.
634 616 694 648 Est
717 624 828 647 tamen
852 614 1023 647 interdum
1049 622 1079 645 et
1102 613 1164 645 ab-

30 688 126 709 orsus
157 677 280 710 bonus.
338 677 456 710 Bonus
490 687 601 710 autem
632 678 772 709 aborsus
807 675 948 715 dicitur,
979 688 1056 708 cum
1090 674 1162 708 aliis

30 749 257 782 comparatur,
278 738 363 772 sicut
388 748 419 771 et
437 737 652 771 Ecclesiastes
667 738 728 770 ait:
752 746 806 777 „et
820 737 853 781 ¹)
879 736 962 770 dixi:
985 737 1097 769 bonus
1116 743 1164 768 est

31 801 171 834 aborsus
195 801 298 843 magis
324 813 425 844 quam
448 799 536 835 ille.“
576 798 646 843 Qui
670 799 755 833 ille?
779 799 922 843 ,‚Qui²)
943 799 978 831 in
1006 797 1162 838 vanitate,

29 860 156 906 inquit,
187 861 312 895 incedit
344 870 375 894 et
408 862 444 894 in
467 861 614 894 tenebris
644 862 807 896 ambulat.
852 862 933 893 Non
958 873 1036 902 ergo
1062 861 1163 893 abso-

28 923 97 956 lute
121 924 253 957 bonum
278 923 357 958 dicit
381 924 554 963 aborsum,
577 924 636 956 sed
660 924 792 956 bonum
809 922 912 964 magis
935 935 1036 967 quam
1051 922 1164 961 vitam,

32 997 118 1028 quae
140 985 175 1018 in
200 986 343 1020 vanitate
369 985 521 1024 ducitur,
557 994 588 1018 et
618 985 824 1027 intenebris
847 983 1066 1027 ignorantiae.
1119 983 1165 1015 Et

29 1046 67 1079 fit
106 1048 203 1092 apud»
234 1062 312 1082 eum
348 1047 513 1092 quaedam
546 1047 756 1091 comparatio
791 1046 1012 1087 singulorum.
1071 1044 1165 1078 Dicit

31 1103 122 1136 enim
148 1113 180 1136 et
203 1105 332 1153 alibi3)
354 1108 426 1152 ipse
447 1108 673 1147 Ecclesiastes,
697 1109 807 1141 bonos
822 1121 889 1141 esse
912 1116 1066 1140 mortuos
1091 1119 1164 1138 ma-

31 1165 89 1206 gis»,
118 1178 218 1210 quam
243 1169 398 1202 viventes.
446 1169 581 1213 Quibus
604 1184 719 1203 rursus
741 1170 768 1203 si
792 1182 966 1213 compares
990 1168 1164 1206 aborsum,

29 1228 163 1260 bonum
196 1242 264 1263 esse
296 1230 435 1275 dicas4)
466 1244 567 1275 super
596 1241 790 1275 utrumque.
846 1229 882 1262 Si
907 1243 985 1271 ergo
1011 1228 1167 1262 conside-

29 1301 93 1329 res,
117 1289 174 1334 qui
197 1301 275 1324 sunt
299 1292 372 1332 vivi,
395 1301 427 1325 et
451 1294 508 1336 qui
531 1303 609 1325 sunt
631 1292 769 1332 mortui,
793 1292 915 1336 quibus
931 1292 1070 1323 aborsus
1094 1302 1166 1322 mc—

30 1350 98 1383 lior
121 1351 162 1385 sit
189 1364 253 1395 pro
281 1366 339 1394 eo,
371 1355 464 1398 quod
494 1367 537 1386 ne
568 1353 746 1396 gustaverit
768 1354 907 1397 quidem
934 1352 1020 1384 vitae
1043 1351 1166 1384 mundi

30 1411 130 1459 hujus
163 1414 322 1459 auspicia,
355 1414 503 1448 invenies
536 1428 623 1459 quae
652 1415 718 1448 sint
749 1415 783 1447 in
817 1413 1073 1459 comparatione
1104 1413 1166 1446 ista

32 1475 252 1510 differentiae.
301 1476 488 1510 Considera
512 1488 610 1517 ergo,
635 1476 713 1521 quia
736 1490 808 1509 non
834 1475 916 1509 alios
939 1474 987 1507 ibi
1010 1474 1167 1508 nominat

30 1537 194 1578 viventes,
217 1538 283 1572 nisi
305 1540 348 1571 de
373 1539 494 1583 quibus
520 1539 643 1572 dicitur
664 1538 701 1571 in
726 1537 882 1572 Psalmis:
905 1551 1042 1578 „verum
1057 1537 1092 1580 ⁵)
1115 1546 1166 1569 ta-

31 1612 109 1632 men
134 1599 260 1633 vanitas
290 1600 402 1633 omnis
430 1601 537 1633 homo
570 1599 714 1634 vivens.“
770 1600 877 1633 Omni
910 1612 988 1641 ergo
1015 1598 1164 1637 homine,

0 1672 1 1697 Ξ
32 1660 92 1705 qui
119 1661 154 1694 in
185 1662 329 1695 vanitate
359 1663 447 1696 vivit.
505 1663 586 1696 Non
618 1663 707 1695 enim
741 1661 850 1695 omnis
873 1660 938 1693 vita
962 1661 997 1693 in
1023 1659 1167 1692 vanitate

35 1732 93 1762 est,
115 1724 173 1756 sed
195 1724 254 1757 illa
277 1724 353 1764 vita,
378 1738 464 1769 quae
483 1725 670 1757 secundum
691 1737 825 1757 carnem
853 1732 911 1763 est,
935 1732 966 1755 et
979 1722 1167 1756 secundum

34 1796 164 1818 errores
188 1797 226 1817 ac
250 1787 439 1830 voluptates
462 1785 604 1826 saeculi,
635 1785 765 1829 haecss)
790 1795 838 1818 est
860 1785 927 1818 vita
950 1784 1114 1824 vanitatis,
1136 1793 1168 1816 et

32 1859 134 1891 super
157 1845 245 1879 hanc
270 1855 316 1879 est
339 1848 464 1888 omnis,
497 1847 555 1892 qui
579 1847 657 1880 huic
681 1847 768 1880 vitae
791 1856 947 1879 mortuus
973 1854 1029 1886 est,
1053 1854 1085 1877 et
1109 1845 1170 1889 qui

128 1964 162 2009 ¹)
186 1964 378 1996 Ecelesiast.
402 1963 458 2004 VI,
481 1964 512 1998 3.
607 1964 644 2009 ²)
668 1963 857 1997 Ecclesiast.
882 1962 941 2003 VI,
965 1962 996 1996 4.

125 2021 163 2062 3)
191 2019 261 2053 Cfr.
282 2019 469 2054 Ecclesiast.
494 2020 566 2060 VII,
590 2020 622 2054 1.

125 2076 162 2120 ⁴²)
187 2077 281 2110 Libri
316 2077 396 2111 editi
432 2077 480 2121 (v.
514 2090 541 2110 c.
573 2076 649 2109 edd.
680 2075 770 2119 M.:)
808 2074 963 2117 „dicat;“
995 2075 1052 2108 scd
1086 2074 1165 2109 Mss-

33 2123 178 2165 „dicas.“
202 2123 244 2156 R.

129 2179 165 2223 ⁵)
190 2179 315 2212 Psalm.
339 2179 508 2218 XXXIX,
531 2179 563 2213 5.
587 2176 820 2223 (XXXVIII.)

127 2235 164 2274 ὅ)
192 2235 277 2268 Cod.
301 2234 568 2268 Bellovacensis:
591 2235 696 2273 „haec
720 2233 785 2266 vita
809 2242 855 2267 est
878 2234 1038 2268 vanitas.“
1080 2232 1166 2267 Cod.

34 2280 265 2315 Ebroicensis:
289 2281 393 2322 „haee
418 2289 465 2314 est
487 2280 573 2315 vitae
598 2280 756 2314 vanitas.“
777 2278 818 2313 R.
