1427 2460
217 81 285 117 240
703 77 880 110 OmGEms

218 172 354 208 teritum
385 168 512 208 carnis,
542 177 579 201 ut
610 167 746 212 spiritus
768 168 877 202 salvus
901 167 1013 206 fieret,
1043 166 1096 200 vel
1126 176 1163 200 ut
1187 167 1354 201 discerent

218 249 291 270 non
313 232 572 276 blasphemare,
593 229 720 275 peribit
742 228 845 262 etiam
871 229 943 274 ipse
967 229 1010 261 ab
1035 241 1099 269 e0,
1124 228 1182 273 qui
1204 238 1354 274 potesta-

219 309 286 332 tem
302 296 403 328 habet
415 293 558 338 perdere
582 291 619 324 in
643 292 842 334 gehennam.
880 290 1024 323 Dicetur
1047 290 1136 324 enim
1162 291 1200 325 iis
1224 303 1243 324 a
1265 289 1354 336 justo

217 358 349 406 judice:
381 353 506 396 „ite-¹)
532 354 569 387 in
599 354 711 395 ignem
744 361 937 391 aeternum,
969 365 1070 397 quem
1100 351 1230 397 paravit
1260 351 1355 386 Deus

220 419 373 457 diabolo,
398 426 430 450 et
454 415 578 457 angelis
599 414 700 461 ejus.“
735 414 788 447 Ibi
814 427 893 456 ergo
918 414 1042 459 peribit
1061 416 1174 449 Assur.
1208 413 1255 447 Et
1279 412 1355 458 qui-

220 485 298 518 dem
328 478 429 526 periit
462 478 647 523 aliquando
681 486 713 510 et
741 490 810 510 una
836 476 905 509 ovis
917 476 954 521 ²)
979 490 1017 510 ex
1049 486 1182 509 centum
1216 475 1354 509 ovibus:

218 546 278 580 sed
308 545 397 577 hanc
429 552 527 573 ovem
556 547 673 581 pastor
701 539 832 578 bonus,
868 538 990 571 relictis
1022 538 1208 579 nonaginta
1229 550 1356 571 novem

219 609 256 642 in
278 604 464 642 montibus,
490 601 698 634 descendens
722 601 766 634 ad
789 600 911 633 vallem
935 600 1024 634 hanc
1047 610 1209 641 nostram,
1232 599 1355 639 vallem
1394 625 1396 627 >

217 668 448 704 lacrimarum,
473 673 505 696 et
527 662 702 708 requirens
722 663 869 703 invenit,
892 672 993 708 atque
1015 661 1211 707 impositam
1235 661 1357 694 hume-

218 733 263 767 ris
286 731 353 765 suis
378 726 580 771 reportavit,
619 734 651 758 et
680 724 731 758 illi
763 738 930 766 numero,
966 724 1024 770 qui
1055 725 1092 757 in
1121 722 1356 768 superioribus

219 794 329 828 salvus
353 789 522 827 manebat,
547 786 709 831 adjunxit.
754 787 820 820 Iste
843 796 956 821 autem
988 788 1106 827 Assur,
1137 785 1196 831 qui
1227 785 1266 818 in
1287 784 1358 817 fine

220 852 375 889 omnium
401 849 524 884 dicitur
548 848 735 894 periturus,
758 849 875 882 nescio
899 850 928 883 si
951 848 1135 894 aliquando
1160 857 1219 881 aut
1241 846 1360 892 quaeri

219 915 343 963 possit,
369 922 426 947 aut
450 910 611 945 inveniri:
642 910 742 956 periit
765 911 856 944 enim
878 924 952 944 non
976 923 1110 952 errore,
1134 910 1193 942 scd
1215 907 1357 954 judicio,

218 992 283 1013 nec
314 978 412 1022 lapsu
441 983 570 1013 motus,
605 974 664 1006 sed
701 972 949 1021 perseverentia
981 974 1194 1017 perduratus.
1249 970 1358 1014 Quod

221 1041 313 1075 enim
330 1038 496 1082 scriptum
514 1044 577 1068 est:
602 1047 686 1077 „ego
699 1035 735 1078 3)
761 1034 926 1075 occidam,
951 1043 983 1067 et
1006 1046 1067 1076 ego
1090 1032 1201 1066 vivere
1223 1033 1357 1072 faciam,

221 1103 387 1136 deducam
412 1099 446 1132 in
471 1097 655 1136 infernum,
681 1105 712 1129 et
735 1097 897 1130 reducam
912 1099 947 1129 :“
968 1094 1096 1135 nescio,
1119 1096 1146 1128 si
1161 1095 1360 1137 generaliter

221 1171 339 1192 omnes
359 1157 531 1202 adspicIat,
555 1171 598 1190 an
623 1159 667 1191 ad
692 1171 749 1191 eos
773 1166 914 1197 tantum,
940 1169 1026 1201 quos
1051 1156 1205 1201 deceptio
1228 1155 1357 1190 diaboli

221 1220 347 1254 deduci
369 1219 450 1253 fecit
473 1219 510 1252 in
533 1229 690 1254 mortem.
739 1219 833 1252 Haec
866 1218 966 1252 etiam
997 1219 1040 1251 de
1070 1218 1190 1251 ultima
1214 1217 1356 1252 Balaam

220 1281 402 1327 prophetia
433 1294 451 1314 a
480 1282 582 1315 nobis
611 1295 677 1327 pro
710 1281 836 1315 viribus
868 1281 957 1315 dicta
985 1280 1069 1322 sitit,
1104 1293 1192 1325 quae
1214 1293 1279 1326 pro
1303 1281 1357 1313 lo-

221 1356 342 1376 corum
387 1342 586 1376 difficultate
628 1343 832 1388 explanandi
865 1342 989 1386 magis,
1033 1354 1134 1386 quam
1170 1341 1356 1387 perorandi

219 1404 297 1438 stilo
336 1404 465 1448 placuit
503 1404 671 1449 explicari.
729 1404 822 1450 Quid
857 1404 946 1437 enim
978 1404 1131 1443 interest,
1165 1404 1355 1436 dummodo

222 1467 337 1499 omnia
370 1466 414 1498 ad
445 1466 716 1500 aedificationem
740 1466 912 1506 dicantur,
950 1474 981 1498 et
1005 1465 1120 1498 omnia
1145 1466 1190 1498 ad
1213 1466 1357 1508 gloriam

220 1527 288 1561 Dei
321 1526 427 1561 fiant?
475 1526 546 1571 Qui
577 1537 624 1561 est
654 1528 851 1562 benedictus
887 1526 924 1560 in
962 1526 1096 1560 saecula
1129 1526 1357 1560 saeculorum.

223 1588 350 1623 Amen!

319 1725 353 1768 ¹)
378 1724 501 1761 Matth.
525 1724 637 1764 XXV,
661 1726 716 1759 41.
740 1725 820 1760 coll.
845 1724 921 1758 edd.
945 1723 987 1757 N.
1014 1722 1054 1756 T.

314 1782 351 1824 2)
376 1780 446 1813 Cfr.
470 1781 552 1813 Luc.
574 1781 652 1821 XV,
675 1780 707 1814 4.
732 1793 825 1825 seqq.

313 1837 350 1881 ³)
377 1838 479 1870 Dent.
504 1837 653 1877 XXXII,
676 1837 732 1872 39.
758 1845 790 1869 et
811 1836 827 1869 I
853 1836 944 1869 Sam.
970 1835 1011 1875 ΙΙ,
1035 1836 1067 1870 6.
1092 1835 1127 1879 (Ι
1153 1832 1277 1879 Regg.)
1312 1852 1356 1857 —-

221 1883 354 1918 Desunt
376 1882 410 1916 in
437 1883 490 1916 ed.
513 1882 620 1915 Ruaei
645 1883 765 1915 verba:
789 1894 873 1924 „ego
900 1881 1069 1931 occidam,
1093 1884 1157 1913 et.“
1248 1894 1255 1904 κ
