1427 2460
377 81 413 105 m
440 71 618 104 Nummos
646 69 805 103 ΗοΜιιιΑ
819 69 925 102 xvn.
1150 71 1214 105 207

90 161 234 196 consino
259 160 418 206 serpentis
448 160 606 204 patefacti
635 169 729 200 sunt,
765 169 796 194 et
829 173 914 204 quae
939 159 1026 192 mala
1056 168 1135 192 sunt
1164 159 1216 192 in-

90 233 238 262 tuentur,
263 221 351 256 caeci
374 221 473 254 fiant:
499 230 532 254 et
555 215 612 265 qi1i
637 221 726 254 caeci
751 222 874 254 fuerint
897 221 962 254 illis
987 221 1104 260 oculis,
1128 234 1215 265 quos

58 320 60 323 ,
89 273 261 329 ρεῑευεὲῐο
299 282 461 327 serpentis
500 282 648 326 aperuit,
688 283 825 316 videant
861 284 952 315 bona
988 282 1132 316 Domini
1164 283 1215 316 his

91 345 215 385 oculis,
252 357 337 389 quos
368 344 466 377 Jesus
501 343 656 376 Salvator
687 354 803 377 noster
831 345 919 377 venit
949 344 1089 388 aperire.
1143 344 1214 377 Nisi

88 407 176 440 enim
207 406 301 450 prius
331 406 501 438 malorum
530 404 617 438 visus
642 407 835 445 claudatur,
860 408 1034 438 bonorum
1057 419 1130 438 non
1153 419 1214 450 pa-

86 467 171 500 tebit
195 467 344 500 intuitus.
392 467 448 500 Sic
474 479 552 508 ergo
574 466 672 500 etiam
698 467 783 500 illud
806 467 890 499 boni
915 467 980 500 Dei
1005 468 1132 500 dictum
1157 480 1213 499 ac-

87 529 194 573 cipio,
219 530 313 573 quod
339 528 436 562 dixit:
468 528 572 573 „quis
589 528 621 574 ¹)
645 529 725 562 fecit
747 528 934 568 videntem,
966 537 997 561 et
1021 527 1214 561 caecum?“

85 590 253 623 videntem
284 590 422 634 quidem
455 592 640 624 secundum
667 590 857 630 Christum,
897 603 1032 623 caecum
1059 603 1138 622 vero
1163 602 1214 622 se-

86 653 237 685 cundum
272 651 451 685 consilium
475 652 670 697 serpentis.“
723 653 816 685 Haec
848 661 958 685 autem
999 651 1214 683 commonui-

84 726 176 753 mus,
199 722 237 746 ut
262 713 446 747 evidentius
471 715 689 754 elucesceret,
714 713 772 758 qui
801 722 880 747 sunt
904 713 1012 752 oculi,
1038 712 1095 757 qui
1120 713 1215 745 clau-

85 776 226 814 dantur,
263 784 296 808 et
320 775 479 819 quisunt
503 774 610 815 oculi,
646 776 704 820 qui
739 776 946 808 revelentur:
984 774 1084 807 simul
1114 784 1151 806 ut
1182 783 1215 806 et

84 835 172 869 illud
196 847 233 869 ex
257 836 307 870 his
330 836 553 880 intelligatur,
587 838 682 882 quod
711 836 747 869 in
769 837 938 881 propheta
962 837 1125 880 scriptum
1150 845 1213 869 est:

83 897 253 937 „videntes
265 899 303 943 ²)
327 897 498 939 videbitis,
522 907 554 931 et
577 912 647 932 non
673 897 871 932 videbitis:“
893 907 931 931 ut
954 897 1113 937 sciamus,
1139 896 1214 941 qui-

84 960 147 993 bus
171 960 279 994 oculis
301 961 433 1002 vident,
457 970 489 993 et
511 960 633 1005 quibus
657 960 805 994 videntes
828 974 900 994 non
926 959 1050 992 vident.
1097 960 1216 1003 Appa—

84 1030 135 1054 ret
158 1034 237 1063 ergo
274 1031 305 1055 et
327 1023 420 1055 hunc
443 1022 587 1056 Balaam
617 1036 680 1068 pro
707 1035 766 1062 eo,
803 1023 898 1067 quod
922 1021 1056 1054 revelati
1079 1022 1215 1053 fuerant

83 1083 175 1116 oculi
200 1083 280 1129 ejus,
307 1084 420 1117 dicere
443 1084 486 1116 de
508 1092 614 1117 semet
637 1083 730 1128 ipso:
754 1083 882 1124 „homo
896 1083 933 1126 ³)
957 1095 1034 1115 vere
1058 1082 1174 1114 videns
1184 1084 1215 1114 :“

84 1153 116 1176 et
143 1144 271 1177 dicere:
301 1144 460 1189 „dixit4)
485 1145 626 1178 audiens
648 1147 750 1179 verba
775 1145 903 1178 fertis.“
954 1145 1088 1178 Eodem
1123 1143 1214 1176 enim

86 1205 225 1245 ordine,
264 1219 333 1250 quo
368 1206 425 1239 alii
457 1207 547 1239 oculi
580 1208 802 1247 clauduntur,
847 1216 878 1240 et
909 1206 966 1239 alii
1005 1206 1215 1250 aperiuntur,

84 1266 184 1299 etiam
209 1279 306 1300 aures
330 1267 415 1301 aliae
440 1269 669 1309 claudendae,
700 1278 732 1301 et
756 1268 839 1301 aliae
863 1267 1065 1312 aperiendae
1087 1265 1212 1299 intelli·
1230 1263 1237 1266 “

83 1337 217 1368 guntur.
272 1329 398 1361 Verum
430 1329 456 1362 si
486 1329 560 1374 quis
588 1330 671 1362 haec
702 1330 802 1363 etiam
826 1330 1012 1362 secundum
1037 1327 1212 1360 historiam

83 1388 161 1436 velit
182 1389 271 1422 dicta
294 1391 479 1435 suscipere,
501 1400 613 1435 potest
637 1390 764 1431 dicere,
798 1391 877 1435 quia
900 1391 935 1423 in
960 1402 1019 1428 e0,
1044 1390 1137 1433 quod
1161 1389 1212 1421 vi-

83 1449 134 1482 dit
154 1449 307 1491 Balaam,
331 1453 425 1496 quod
448 1453 581 1487 bonum
605 1461 654 1486 est
676 1451 712 1484 in
735 1461 918 1496 conspectu
942 1451 1086 1483 Domini
1108 1452 1214 1483 bene-

84 1511 196 1544 dicere
226 1513 347 1553 Israel,
382 1515 607 1547 ostenduntur
636 1515 771 1548 revelati
803 1515 895 1548 oculi
926 1513 1012 1560 ejus,
1049 1523 1081 1546 et
1104 1514 1212 1546 factus

82 1572 199 1616 esse⁵)
223 1574 330 1607 homo
355 1587 432 1608 vere
455 1575 581 1610 videns.
627 1576 717 1608 Vere
741 1575 830 1608 enim
855 1575 955 1616 vidit,
988 1589 1074 1620 quae
1098 1576 1212 1608 sutura

83 1643 179 1667 erant
203 1635 246 1668 de
268 1636 386 1676 Israel,
416 1637 468 1669 vel
492 1638 613 1670 Jacob.
667 1637 810 1671 Audisse
840 1650 979 1683 quoque
1008 1650 1085 1669 eum
1109 1637 1212 1669 verba

83 1695 180 1728 fortis
204 1695 285 1729 dicit
305 1696 342 1729 in
367 1710 419 1737 eo,
444 1711 521 1730 cum
545 1698 635 1731 venit
658 1699 701 1731 ad
726 1711 804 1731 eum
827 1699 940 1739 Deus,
966 1708 996 1731 et
1021 1699 1103 1731 dixit
1127 1697 1158 1730 ei
1171 1698 1208 1740 ⁶)

83 1756 119 1788 in
143 1757 287 1791 somnis:
310 1760 472 1798 „verbum
487 1759 522 1803 ⁷)
546 1761 640 1804 quod
666 1761 792 1793 dedero
816 1760 853 1793 in
878 1774 938 1793 ore
960 1769 1031 1800 tuo,
1057 1760 1124 1793 hoc
1148 1760 1211 1792 ob-

83 1828 176 1850 serva
199 1826 238 1851 ut
260 1819 427 1864 loquaris:
465 1830 497 1853 et
528 1821 594 1853 hoc
622 1830 692 1854 erat
702 1821 739 1866 8)
763 1821 868 1855 visum
893 1822 976 1862 Dei,
1010 1822 1104 1866 quod
1127 1820 1210 1853 vidit

83 1877 119 1911 in
142 1879 288 1921 somnis,
313 1890 346 1914 et
368 1893 431 1926 per
453 1881 536 1915 haec
559 1883 722 1917 revelatos
746 1895 815 1918 esse
840 1884 959 1917 oculos
986 1882 1056 1929 ejus
1084 1881 1208 1922 asserit,

176 2023 212 2063 ¹)
233 2025 344 2062 Exod.
368 2026 425 2066 IV,
441 2027 494 2061 11.
763 2029 800 2072 ²)
824 2029 924 2063 Jesai.
948 2029 1005 2069 VI,
1029 2029 1060 2063 9.

173 2079 208 2124 ³)
231 2081 334 2118 Num.
357 2083 485 2124 XXIV,
507 2086 539 2120 3.
756 2086 792 2129 ⁸¹)
815 2087 916 2119 Num.
939 2085 1068 2126 XXIV,
1091 2086 1122 2120 4.

172 2136 209 2180 ⁵)
231 2136 320 2171 Edd.
343 2140 481 2174 Merlini
507 2155 704 2188 perperam:
729 2151 820 2176 esset.

173 2190 211 2236 ε)
235 2191 340 2228 Deest
362 2196 434 2236 „ei“
457 2197 491 2230 in
518 2200 569 2232 ed.
596 2197 713 2231 Ruaei.

177 2249 212 2294 7)
235 2249 336 2285 Num.
360 2252 473 2295 xxn,
495 2254 547 2288 35.
642 2253 682 2298 ⁸)
704 2254 794 2288 Edd.
818 2253 973 2288 Meruni:
1000 2253 1069 2287 erit.
