1427 2460
316 75 353 99 m
377 66 557 98 Nummos
582 56 741 96 HomimA
760 63 906 96 XXVII.
1105 64 1170 99 341

10 156 217 195 §nominum
243 154 417 198 qualitates
449 166 587 199 quoque
625 151 794 197 conjicere
838 151 1073 192 mansionum,
1108 167 1169 185 ne-

5 213 13 259 ῖξ
38 217 127 256 scio,
155 217 182 250 si
207 225 263 249 aut
285 228 399 248 sensus
423 213 563 246 dicentis
588 214 630 246 ad
654 213 891 260 mysteriorum
915 214 1050 258 pondus
1074 214 1169 246 suffi-

6 262 13 307 ,⁸
37 277 120 318 ciat,
156 277 260 321 aut¹)
291 275 424 308 auditus
449 275 557 319 capiat
581 275 800 309 audientium.
860 274 1052 318 Quomodo
1078 274 1167 308 enim

36 339 87 370 vel
113 351 270 372 occursus
293 337 375 370 belli
401 337 585 381 explicetur
608 336 917 376 Amalechitarum,
941 337 991 369 vel
1019 336 1168 369 diversae

35 399 252 439 tentationes,
291 406 323 431 et
347 396 396 429 illi
433 398 609 441 quomodo
643 407 858 437 enarrentur,
895 411 1042 442 quorum
1076 407 1166 431 artus

0 470 2 476 ’
36 462 231 493 ceciderunt
255 460 291 492 in
316 459 462 498 deserto,
488 467 519 490 et
544 459 639 502 quod
664 459 808 491 omnino
832 458 947 502 non²)
971 459 1030 492 filii
1054 458 1166 499 Israel,

36 521 94 554 scd
119 520 180 553 filii
203 519 353 553 filiorum
379 519 481 552 Israel
507 521 547 552 ad
574 529 696 552 terram
729 530 878 553 sanctam
902 519 1078 564 pervenire
1101 534 1166 564 po-

36 591 189 621 tuerunt,
214 591 246 614 et
270 581 381 614 omnis
405 580 462 613 ille
486 590 577 614 vetus
601 582 752 626 populus
777 582 908 621 cecidit,
934 581 1056 625 quibus
1081 594 1164 614 con-

0 642 1 651 *
35 643 176 676 versatio
209 652 241 676 et
271 640 434 675 habitatio
467 643 576 675 fuerat
608 656 685 676 cum
712 643 898 689 Aegyptiis,
935 644 1027 676 solus
1052 652 1164 675 autem

37 718 144 738 novus
168 704 322 749 pervenit
346 704 388 736 ad
414 716 574 745 regnum,
601 704 659 748 qui
683 705 861 746 ignorabat
886 704 1084 749 Aegyptios,
1109 717 1164 736 ex-

0 758 1 764 *
36 765 139 809 ceptis
162 765 393 798 sacerdotibus
419 773 451 797 ct
474 765 619 799 Levitis?
673 766 709 798 Si
745 764 934 809 quisnenim
958 764 1107 808 potuerit
1131 777 1166 797 se

0 843 1 846 ¹
34 828 68 858 in
93 827 308 859 sacerdotum
335 835 366 858 ct
382 825 572 858 Levitarum
599 826 720 858 ordine
746 825 927 864 collocare,
951 828 977 857 si
1002 825 1074 868 quis
1099 837 1162 868 po-

36 887 135 919 tuerit
158 900 230 919 nou
253 887 378 918 habere
402 887 598 931 portionem
624 887 659 919 in
684 887 779 920 terris
804 887 908 918 ullam
923 911 931 926 ‚
964 885 1027 918 nisi
1051 886 1162 918 solum

32 947 236 988 Dominum,
260 947 320 981 iste
343 962 414 980 non
442 949 538 981 cadet
562 949 638 992 in3)
666 950 821 987 deserto,
844 949 902 980 sed
926 950 1098 991 perveniet
1123 947 1166 980 ad

33 1018 156 1041 terram
181 1009 460 1052 repromissionis.
509 1010 610 1043 Unde
635 1019 668 1042 et
690 1019 745 1049 tu,
768 1010 794 1042 si
820 1009 864 1042 vis
889 1023 960 1041 non
985 1010 1105 1040 cadere
1129 1007 1164 1039 in

33 1071 181 1109 deserto,
212 1071 271 1102 sed
296 1071 472 1114 pervenire
497 1072 539 1103 ad
566 1080 687 1103 terram
721 1069 994 1115 repromissionis
1018 1078 1164 1113 patrum,

32 1139 158 1164 sortem
189 1140 280 1162 tunm
313 1144 382 1164 non
418 1132 540 1166 habeas
572 1133 605 1165 in
641 1142 744 1170 terra,
780 1145 841 1164 nec
877 1133 917 1164 sit
948 1130 1008 1163 tibi
1035 1130 1163 1173 aliquid

33 1205 216 1225 commuue
247 1206 323 1225 eum
359 1203 456 1227 terra.
504 1193 624 1226 Portio
650 1203 706 1226 tua
732 1193 771 1227 sit
796 1194 967 1226 Dominus
990 1186 1099 1231 solus,
1133 1200 1165 1222 et

32 1267 207 1298 nunquam
241 1255 349 1287 cades.
408 1255 527 1296 Agitur
556 1268 635 1297 ergo
667 1255 841 1288 adsrcnsio
869 1256 909 1287 de
935 1255 1088 1300 Aegypto
1120 1254 1163 1285 ad

31 1324 154 1347 terram
180 1316 467 1359 repromissionis,
501 1330 562 1360 per
588 1330 710 1361 quam,
745 1326 782 1348 ut
813 1316 898 1356 dixi,
929 1313 1074 1361 mysticis
1105 1315 1162 1347 de-

31 1376 270 1420 scriptionibus
305 1377 492 1410 edocemur
527 1379 729 1411 adscensum
773 1379 905 1411 animae
948 1378 991 1409 ad
1027 1376 1160 1409 coelum

33 1437 111 1480 ct4)
137 1438 389 1471 resurrectionis
415 1451 452 1470 ex
476 1440 619 1472 mortuis
643 1447 904 1474 sacramentum.

119 1501 150 1532 5.
198 1499 380 1532 Ponuntur
395 1509 505 1532 autem
533 1510 564 1533 et
586 1501 727 1533 nomina
752 1499 994 1533 mansionibus.
1044 1498 1161 1541 Neque

34 1562 122 1593 enirn
160 1560 362 1595 conveniens
397 1561 589 1601 videbatur,
627 1572 663 1595 ut
700 1562 809 1594 omnis
844 1562 958 1600 locus,
1003 1558 1060 1602 qui
1098 1558 1161 1590 sub

35 1623 152 1661 coeio,
182 1622 249 1655 sive
272 1622 460 1663 montium,
499 1623 566 1655 sive
592 1624 752 1663 collium,
781 1623 847 1656 sive
872 1633 1073 1665 camporum
1097 1632 1161 1651 no-

33 1684 181 1716 minibus
206 1693 371 1716 uteretur:
397 1685 452 1717 illa
478 1697 557 1717 vero
583 1685 768 1724 adscensio,
794 1698 858 1730 qua
885 1684 996 1716 anima
1022 1682 1160 1714 adscen-

35 1744 82 1776 dit
105 1746 145 1777 ad
172 1758 312 1787 regnum
337 1746 413 1785 Dei,
438 1747 652 1778 mansionum
676 1759 815 1778 suarum
838 1744 981 1778 nomina
1004 1755 1074 1775 non
1100 1743 1159 1773 ha—

33 1806 137 1838 beret.
184 1805 298 1839 Habet
320 1806 462 1840 nomina
495 1807 708 1841 mansionum
741 1807 887 1854 mysticis
914 1808 1028 1850 'aptata
1059 1817 1159 1837 voca-

132 1933 165 1976 ¹)
188 1934 279 1966 Edd.
305 1934 460 1967 Merlini:
487 1945 542 1968 aut
567 1946 603 1968 ut
626 1935 758 1968 auditus
783 1946 842 1968 etc.

127 1988 164 2032 ²)
188 1989 279 2023 Edd.
303 1990 458 2023 Merlini:
483 2005 556 2024 non
585 2004 661 2024 cum
686 1990 746 2023 filii
770 2001 830 2024 etc.

127 2044 165 2087 ³)
193 2044 280 2078 Cod.
306 2046 341 2079 S.
366 2045 576 2080 Theoderici
599 2047 711 2079 solum
734 2047 851 2079 habet:
876 2047 932 2086 „in
956 2048 1097 2079 deserto.
1124 2045 1160 2078 Si

35 2089 211 2132 pervenire
235 2090 280 2122 vis
305 2092 348 2123 ad
370 2092 646 2135 repromissiones
668 2100 816 2136 patrum,
839 2101 966 2125 sortem
981 2101 1074 2124 tuam
1088 2104 1160 2124 non

38 2134 160 2166 habeas
183 2133 217 2166 in
242 2140 367 2168 terrn.“
413 2137 453 2168 R.

129 2189 168 2232 ⁴)
193 2189 250 2223 Sic
276 2191 379 2224 habet
405 2191 491 2225 Cod.
518 2192 551 2225 S.
578 2192 798 2226 Theoderici.
844 2182 939 2225 Libri
964 2192 1044 2226 editi
1069 2191 1116 2237 (v.
1133 2204 1159 2224 c.

40 2235 116 2268 edd.
140 2234 229 2280 Μ.);
260 2248 319 2277 „ex
343 2237 596 2272 resurrectionis
620 2251 659 2272 ex
682 2237 825 2272 mortuis
846 2241 1093 2272 sacramento.“
1122 2233 1163 2268 R.
