1427 2460
191 30 259 64 220
671 32 847 65 Ommzms

192 120 391 161 „consilium
411 121 444 164 ¹)
467 121 528 154 tibi
552 122 644 153 do:“
675 121 848 154 communi
873 131 906 154 et
931 122 1049 154 usitato
1075 135 1171 155 more
1195 123 1320 157 dictum

191 191 358 227 putemus.
395 182 465 215 Sed
487 182 573 216 illud
598 183 702 224 magis
727 183 793 216 vidi
819 196 887 216 esse
912 183 1126 223 conveniens,
1150 185 1243 228 quod
1259 185 1322 217 ait:

191 242 394 285 „consilium
407 242 444 287 ²)
469 243 530 276 tibi
555 244 649 276 d0:“
672 253 709 276 ut
725 245 769 276 ita
788 243 963 288 dictum3)
988 232 1211 286 intelligatur}
1237 257 1321 277 con-

191 304 302 337 silium
336 303 505 344 divinum,
543 305 636 348 quod
668 304 704 337 in
735 306 923 339 novissimis
957 305 1075 338 diebus
1106 305 1321 350 implendum

193 374 257 405 est,
286 365 370 398 mihi
400 379 493 399 nunc
517 367 722 405 revelatum,
753 368 869 411 aperio
904 367 966 399 tibi
997 376 1028 400 et
1056 367 1255 405 manifesto,
1285 376 1323 399 ut

191 426 291 466 scias,
315 426 397 471 quid
420 427 571 471 populus
594 427 648 460 hic
671 428 770 460 saciet
792 429 926 473 populo
950 437 1023 461 tuo.
1053 429 1098 461 Et
1121 429 1189 461 hoc
1214 428 1321 460 modo

192 497 279 521 stare
308 487 391 520 mihi
415 487 522 521 visum
547 498 593 521 est
616 502 732 533 posse,
762 490 855 533 quod
880 489 941 522 ait:
976 489 1182 529 „eonsilium
1196 489 1234 532 4)
1259 488 1321 522 tibi

192 551 250 591 do,
275 549 357 593 quid
381 551 530 582 facturus
554 559 600 583 est
624 551 773 594 populus
799 550 853 583 hic
877 551 1009 595 populo
1035 555 1141 582 tuo:“
1166 551 1322 599 hocxest:

193 609 369 643 consilium
393 611 461 644 Dei
486 610 624 644 enuntio
651 612 730 651 tibi,
756 621 787 644 et
811 612 1000 644 manifesto.
1031 611 1229 655 Requirenti
1244 623 1324 643 sane

191 671 293 710 mihi,
325 671 433 705 sicubi
456 673 546 705 forte
569 673 604 705 in
635 669 808 717 scriptuiis
832 672 952 705 divinis
982 672 1044 705 sub
1071 673 1137 705 hoc
1166 685 1324 706 sermone

189 733 297 766 simile
326 733 455 777 aliquid
487 735 614 767 dictum
637 744 750 779 posset
783 747 976 772 occurrere,
1008 733 1114 767 visum
1148 743 1196 767 est
1225 732 1323 766 etiarn

191 805 224 828 et
245 795 331 827 illud
352 794 505 828 similiter
519 796 774 836 advertendum,
790 796 883 840 quod
898 796 1080 840 Apostolus
1097 794 1157 828 ait:
1181 795 1324 838 „quis⁵)

192 856 280 889 enim
311 857 470 898 cognovit
499 869 634 889 sensum
667 856 831 895 Domini,
865 866 921 889 aut
945 856 1018 900 quis
1051 856 1080 889 ei
1113 856 1324 889 consiliarius

192 917 305 951 fuit?“
353 917 417 950 Hie
441 918 530 951 enim
555 918 705 962 „quis‚“
730 931 799 950 non
825 931 898 961 pro.
914 917 1029 956 nullo,
1059 919 1119 950 sed
1143 931 1208 962 pro
1234 929 1323 955 raro,

192 981 243 1013 vel
267 979 388 1012 eximio
413 980 568 1014 habetur.
615 979 805 1021 Quomodo
839 979 928 1011 enirn
963 992 1034 1011 non
1063 979 1224 1020 cognovit
1246 991 1320 1012 sen*

192 1055 264 1075 sum
289 1041 355 1074 Dei
380 1040 571 1082 unigenitus
594 1053 690 1079 suus,
716 1041 773 1083 qui
800 1039 896 1072 dicit:
932 1053 1062 1079 „nemo
1078 1041 1114 1083 ὅ)
1139 1040 1234 1072 novit
1255 1039 1321 1071 Pa-

192 1114 295 1142 trem,
320 1101 383 1134 nisi
406 1102 530 1140 Filius,
557 1110 589 1132 et
613 1101 666 1133 cui
690 1101 835 1133 voluerit
859 1101 965 1134 Filius
989 1100 1190 1134 revelare?“
1227 1099 1323 1144 Quid

193 1174 243 1197 est
264 1176 343 1206 ergo
357 1163 394 1207 ⁷)
419 1162 511 1196 aliud
534 1162 618 1195 scire
634 1162 780 1203 Patrem,
805 1162 869 1195 nisi
892 1163 977 1196 scire
1002 1173 1033 1195 et
1047 1163 1224 1196 consilium
1243 1161 1323 1207 ejus,

193 1236 225 1259 et
247 1224 406 1258 sensum?
453 1224 521 1256 Sed
547 1233 578 1256 et
603 1223 747 1268 Spiritus
772 1233 924 1263 sanctus,
951 1224 1008 1267 qui
1032 1233 1199 1256 scrutatur
1223 1224 1322 1256 etiam

193 1289 257 1320 alta
280 1286 356 1325 Dei,
381 1285 499 1329 quidni
524 1298 657 1318 sensum
683 1284 753 1327 ejus
779 1284 963 1326 agnoscat?
1004 1285 1163 1327 Agnoscit
1186 1297 1265 1326 ergo
1291 1294 1323 1316 et

191 1348 314 1386 Filius,
337 1357 367 1379 et
392 1347 536 1390 Spiritus
558 1356 691 1378 sanctus
713 1360 846 1378 sensum
873 1346 1035 1385 Domini,
1066 1356 1097 1378 et
1128 1347 1168 1387 ii,
1186 1347 1323 1391 ¹quibus

191 1409 334 1443 voluerit
358 1407 465 1440 Filius
487 1407 648 1441 revelare.
693 1407 798 1449 Quod
823 1408 848 1440 si
877 1407 1027 1449 agnoscit
1051 1408 1155 1441 Filius
1182 1421 1317 1441 sensum

191 1472 276 1512 Dei,
308 1481 355 1505 est
380 1482 457 1511 ergo
491 1478 523 1500 ct
553 1468 761 1500 consiiiarius
794 1467 874 1513 ejus.
922 1470 988 1503 sed
1017 1469 1226 1502 consiliarius
1249 1483 1321 1502 non

191 1535 235 1567 ita
260 1531 476 1576 accipiendus
500 1539 557 1568 est,
582 1531 673 1573 quasi
697 1529 867 1570 ignoranti
891 1530 919 1562 ei
936 1529 1017 1574 quid
1033 1540 1117 1571 agat,
1141 1531 1321 1564 consilium

192 1597 250 1628 det
272 1593 388 1632 Filius,
411 1601 468 1624 aut
492 1590 639 1635 Spiritus
661 1600 809 1630 sanc1u53
834 1593 891 1624 sed
919 1593 1013 1635 quod
1039 1591 1180 1631 consilii,
1205 1602 1235 1624 et
1259 1606 1318 1625 vo-

191 1656 324 1690 luntatis
361 1652 432 1699 ejus
466 1651 634 1696 particeps
673 1662 704 1684 et
739 1653 843 1685 sciens
881 1651 922 1685 sit
950 1652 1076 1692 Filius,
1114 1662 1145 1685 et
1175 1653 1320 1697 Spin-itus

190 1728 334 1754 sanctus.
370 1713 482 1748 Simili
506 1725 583 1755 ergo
609 1714 717 1745 modo
742 1723 773 1745 et
787 1713 939 1753 Balaam,
963 1713 1040 1758 quia
1059 1715 1201 1754 consilii,
1225 1716 1319 1758 quod

192 1781 222 1814 ei
245 1780 447 1813 revelaverat
460 1775 564 1814 Deus,
587 1774 783 1818 participem
801 1776 947 1808 faciebat
971 1785 1002 1809 et
1025 1789 1167 1818 gnarum
1182 1776 1321 1815 Balach,

286 1952 320 1994 ¹)
344 1951 445 1983 Num.
470 1949 598 1989 XXIV,
622 1949 674 1984 14.
813 1949 849 1993 ²)
877 1951 973 1983 Num.
1000 1949 1127 1989 XXIV,
1153 1949 1206 1982 14.

282 2008 320 2050 ³)
345 2005 431 2038 Cod.
466 2003 699 2049 Corbejcnsis:
746 2005 929 2047 „dictumf‘
977 2006 1069 2039 Libri
1101 2005 1179 2038 editi
1210 2005 1257 2049 (c.
1291 2019 1317 2037 c.

194 2055 269 2088 edd.
293 2051 378 2094 M.):
410 2050 582 2090 ,‚dixisse.“
617 2049 654 2081 R.

284 2108 320 2151 4)
342 2108 445 2139 Num.
471 2105 599 2144 XXIV,
624 2106 677 2138 14.

286 2165 321 2204 ⁵)
345 2163 446 2194 Rom.
471 2161 539 2201 ΧΙ,
562 2162 615 2195 34.
755 2161 792 2204 ⁶)
818 2162 936 2195 Manli.
960 2162 1029 2201 XI,
1051 2162 1106 2195 27.

285 2219 320 2263 ⁷)
345 2218 447 2251 Decst
470 2221 594 2258 „ergo“
618 2216 650 2249 in
678 2218 729 2249 ed.
754 2217 870 2250 Ruaei.
