1427 2460
349 74 386 99 m
408 64 588 98 Nummos
611 61 772 96 Homms
788 64 880 97 XVI.
1129 65 1196 100 193

60 168 137 188 rum
173 155 259 188 libro
293 153 336 186 de
368 166 408 186 eo
442 151 586 196 scriptae
619 154 822 195 reseruntur.
876 154 933 186 Ait
958 152 1063 186 enim:
1095 149 1199 193 „et¹)

62 216 282 255 sortiebatur,
313 223 344 247 et
368 214 615 255 augurabatur,
649 223 681 247 et
693 214 730 258 ²)
753 214 834 247 fecit
859 217 1009 260 τεμένη,
1038 225 1069 249 et
1092 225 1201 249 trans-

62 278 208 311 ducebat
231 276 318 310 filios
340 282 419 308 suus
443 275 479 307 in
503 276 596 318 igne,
627 286 657 309 et
689 275 860 321 praescios
901 277 1079 310 abundare
1110 277 1202 322 fecit,

67 348 103 372 ut
129 340 251 372 faceret
285 335 471 378 malignum
497 336 530 370 in
557 347 741 383 conspectu
766 337 930 376 Domini,
964 347 996 371 et
1020 339 1199 372 exacerba-

68 409 121 432 ret
145 402 256 432 eum.¹‘
313 397 410 430 Talia
445 411 524 440 ergo
552 408 663 439 erant,
695 412 782 443 quae
805 399 981 443 peccabat,
1013 400 1056 431 de
1080 398 1203 443 quibus

66 460 132 493 dici
162 459 285 504 possit,
323 459 400 503 quia
432 458 467 491 in
499 458 593 492 omni
627 460 806 504 virtute,³)
839 460 938 501 signis
978 470 1009 507 et
1038 459 1201 505 prodigiis

62 520 284 555 mendacibus
315 521 455 560 fierent,
499 520 543 553 ita
575 530 612 553 ut
643 521 929 566 deciperentur&
962 522 1062 554 etiam
1093 520 1200 554 electi.

63 583 234 627 Deceptus
260 591 308 614 est
333 581 422 614 enim
447 595 509 627 per
529 595 605 615 eum
632 593 663 615 et
686 584 853 627 populus,
895 592 932 616 ut
956 585 1081 616 faceret
1103 581 1202 615 mali-

63 657 167 687 gnum
193 644 229 677 in
262 652 449 688 conspectu
481 643 624 676 Domini
655 657 756 688 super
781 653 893 685 gentes
918 644 1010 683 illas,
1036 657 1118 687 quas
1144 657 1199 676 ex-

62 705 301 739 terminaverat
325 705 419 736 Deus
443 716 461 736 a
484 704 572 737 facie
597 704 748 738 filiorum
772 705 884 738 Israel.
932 705 1000 737 Sed
1028 713 1060 736 et
1088 704 1124 736 in
1147 716 1199 737 se-

62 767 177 800 cundo
202 766 291 799 libro
317 764 609 809 Paralipomenon
641 766 760 800 similia
790 766 1013 799 nihilominus
1047 766 1089 798 de
1122 765 1199 798 Ma-

60 841 156 861 nasse
179 827 389 861 scribuntur:
438 827 548 870 „et-5)
573 827 668 867 fecit,
693 827 822 871 inquit,
846 829 965 866 lucos,
990 836 1021 860 et
1045 827 1201 861 adoravit

62 902 199 922 omnem
224 888 377 921 militiam
399 888 496 929 coeli,
520 897 553 921 et
576 888 707 921 servivit
729 888 778 922 iis.
807 888 851 921 Et
876 889 1061 922 construxit
1084 887 1201 921 altaria

61 951 97 984 in
122 952 228 984 domo
253 949 340 989 Dei,
373 949 434 981 ubi
460 949 540 982 dixit
564 949 751 983 Dominus:
778 950 812 982 in
837 950 1027 983 Jerusalem
1051 950 1114 983 erit
1136 962 1202 983 no-

62 1025 142 1045 men
164 1025 280 1045 meum
312 1010 347 1043 in
382 1020 567 1044 aeternum.
629 1011 673 1043 Et
698 1011 745 1044 ibi
769 1012 923 1045 instruxit
955 1012 1073 1045 altaria
1105 1012 1202 1045 omni

62 1072 330 1116 magnificentiae
362 1072 465 1111 coeli,
501 1072 535 1104 in
570 1073 736 1106 ambabus
770 1073 930 1106 domibus
954 1072 1110 1106 Domini.
1157 1072 1203 1106 Et

63 1136 135 1180 ipse
158 1133 399 1167 transducebat
423 1133 510 1166 filios
533 1146 611 1166 suos
636 1134 671 1165 in
696 1133 772 1175 igne
795 1134 830 1166 in
842 1133 878 1178 ὃ)
907 1133 1134 1175 Gehennom,
1171 1144 1204 1169 et

63 1196 284 1235 sortiebatur,
310 1203 341 1227 et
364 1193 530 1227 maleficia
556 1194 719 1234 faciebat,
745 1203 778 1227 et
799 1196 1045 1237 augurabatur,
1069 1205 1101 1228 et
1125 1195 1204 1229 fecit

63 1257 315 1300 ventriloquos,
340 1264 372 1288 et
396 1255 643 1294 incantatores,
668 1264 700 1288 et
723 1256 977 1300 multiplicavit,
1012 1266 1051 1289 ut
1074 1257 1203 1290 faceret

62 1317 250 1358 malignum
281 1316 318 1348 in
352 1325 539 1360 conspectu
568 1316 733 1357 Domini,
775 1326 813 1349 ut
844 1319 1057 1350 exacerbaret
1093 1322 1203 1351 eum.“

63 1378 159 1413 Haec
191 1390 271 1419 ergo
305 1378 436 1417 omnia,
471 1378 507 1410 id
539 1385 600 1418 est,
637 1378 705 1411 sive
737 1378 933 1421 auguratio,
966 1377 1034 1412 sive
1066 1379 1202 1425 extispi-

64 1440 172 1482 cium,
213 1439 280 1472 sive
305 1440 476 1484 quaelibet
499 1438 712 1479 immolatio,
743 1440 819 1475 sive
843 1439 943 1472 etiam
968 1440 1120 1481 sortitio,
1143 1451 1200 1474 aut

65 1500 262 1546 quicunque
292 1509 406 1533 motus
438 1501 568 1542 avium,
598 1500 650 1532 vel
682 1501 872 1544 pecudum,
907 1499 1008 1547 ve17)
1033 1502 1200 1547 inspectio

64 1575 292 1607 quaecunque
325 1561 511 1603 fibrarum,
550 1571 588 1595 ut
621 1561 750 1606 aliquid
784 1562 827 1595 de
858 1563 979 1597 futuris
1020 1563 1202 1597 videantur

67 1623 263 1662 ostendere,
299 1622 335 1656 in
367 1623 565 1667 operatione
601 1624 807 1657 daemonum
847 1623 920 1657 fieri
960 1637 1031 1657 non
1068 1624 1202 1663 dubito.

66 1683 283 1725 dirigentium
306 1684 358 1717 vel
383 1683 507 1724 avium,
531 1683 583 1716 vel
606 1685 789 1729 pecudum,
813 1686 866 1718 vel
889 1686 1053 1719 fibrarum
1077 1695 1202 1725 motus,

161 1855 196 1899 ¹)
220 1853 252 1886 II
277 1854 378 1896 Regg.
404 1853 500 1895 XXI,
525 1854 554 1890 6.
579 1855 646 1901 (IV
669 1855 792 1900 Regg.)

160 1910 198 1955 ²)
221 1910 311 1944 Edd.
336 1909 489 1943 Merlini:
514 1919 546 1943 et
568 1912 647 1944 fecit
676 1912 821 1945 tuellen:
855 1922 886 1946 et
901 1914 1140 1948 transducebat
1157 1932 1200 1940 -

67 1954 104 1989 in
126 1954 214 1997 igni,
239 1965 270 1988 et
292 1956 462 2000 praescius
486 1956 661 1989 abundare
686 1956 764 1991 fecit
788 1966 849 1991 etc.

160 2010 197 2055 δ)
224 2011 295 2044 Cfr.
318 2011 352 2043 II
377 2009 526 2043 Thessal.
556 2010 595 2050 ll,
618 2011 649 2045 9.

162 2065 200 2111 ⁴)
224 2066 295 2100 Cfr.
320 2067 442 2101 Matth.
466 2067 594 2106 XXIV,
616 2068 647 2101 4.
672 2079 764 2112 seqq.

162 2122 199 2167 ⁵)
223 2122 255 2154 II
281 2121 410 2156 Chron.
436 2122 600 2163 XXXIII,
622 2122 736 2158 3-6.

162 2178 200 2222 ⁶)
222 2177 313 2211 Edd.
337 2177 495 2211 Mer-lini:
520 2177 555 2211 in
580 2176 766 2220 gehennan.

162 2232 199 2276 ⁷)
222 2233 311 2267 Edd.
335 2233 494 2267 Merlini:
521 2244 562 2268 et.

72 2296 250 2331 ornemus
276 2297 413 2333 OPERA.
439 2298 537 2332 Tom.
559 2299 603 2332 Χ.
894 2300 939 2335 13
