1427 2460
208 109 278 144 280
688 106 866 140 Omessms

204 198 337 232 toribus
361 196 536 239 Evangelii
560 209 601 229 eo
627 195 746 236 modo,
772 209 842 241 quo
867 209 969 241 supra
995 196 1223 242 exposuimus,
1247 198 1348 232 debet

206 259 338 304 expleri.
391 258 458 291 Sed
485 256 661 302 quoniam,
687 256 772 290 sicut
787 257 1007 303 propheticus
1025 271 1136 292 sermo
1157 259 1349 304 perdocuit,

205 322 276 355 dies
300 319 375 354 festi
393 301 619 365 ⁸peccatorum
645 328 892 352 convertuntur
914 319 949 352 in
974 320 1122 360 luctum,
1155 329 1188 354 et
1217 321 1349 355 cantica
1366 340 1375 349 ·

205 396 326 416 eorum
351 381 387 414 in
412 382 757 426 planctum,.certum
782 390 839 421 est,
863 381 942 425 quia
967 381 1024 426 qui
1051 391 1187 426 peccat,
1221 392 1251 415 et
1284 382 1350 425 agit

205 445 297 478 diem
321 443 462 489 peccati,
488 456 585 486 agere
609 456 682 476 non
706 452 819 487 potest
844 443 934 476 diem
959 444 1101 476 festum:
1124 453 1157 477 et
1179 444 1259 478 ideo
1283 443 1348 477 illis

205 506 345 547 diebus,
379 503 502 549 quibus
526 514 663 550 peccat,
697 505 824 538 offerre
848 518 921 537 non
945 514 1057 550 potest
1079 505 1272 539 indesinens
1295 518 1347 539 sa-

206 567 373 601 crificium
398 566 486 599 Deo.
529 567 604 601 Sed
628 566 685 600 ille
710 567 836 599 offerre
867 575 998 610 potest,
1030 566 1088 611 qui
1117 567 1349 601 indesinenter

204 628 351 663 custodit
380 627 558 674 justiliam,
591 637 623 661 et
653 636 830 661 conservat
861 637 966 661 semet
997 628 1110 673 ipsum
1143 642 1163 662 a
1192 638 1347 673 peccato.

205 690 284 735 Qua
315 691 370 724 die
405 699 516 723 autem
550 689 785 734 interruperit,
822 698 853 722 et
883 689 1092 734 peccaverit,
1131 699 1260 723 certum
1291 699 1349 730 est,

203 754 298 798 quod
332 753 368 786 in
399 752 455 784 illa
488 752 542 785 die
573 764 644 784 non
680 752 783 784 offert
814 750 1016 784 sacrificium
1041 751 1235 785 indesinens
1259 752 1348 786 Deo.

204 815 338 848 Vereor
371 814 500 859 aliquid
533 813 662 854 dicere,
697 814 791 858 quod
824 827 862 846 ex
894 812 1109 847 sermonibus
1141 812 1349 858 Apostolicis

202 875 346 917 intelligi
371 876 482 917 datur,
508 888 551 909 ne
575 876 666 908 forte
691 875 805 908 videar
821 875 952 920 aliquos
967 874 1175 909 contristare.
1190 875 1226 919 ¹)
1259 875 1350 909 Nam

202 937 231 972 si
263 938 373 971 oratio
405 936 485 983 justi
516 936 600 970 sicut
633 936 810 970 incensum
835 937 980 970 offertur
1003 936 1038 969 in
1064 946 1249 982 conspectu
1273 937 1350 970 Do·

202 999 299 1040 mini,
323 1009 356 1032 et
381 999 523 1032 elevatio
548 1011 712 1031 manuum
737 996 806 1043 ejus
821 998 1026 1032 sacrificium
1047 1008 1095 1032 est
1110 998 1350 1044 vespertinum,

204 1062 287 1095 dicit
317 1070 429 1095 autem
464 1060 653 1105 Apostolus
685 1059 740 1101 iis,
779 1059 837 1103 qui
867 1059 902 1093 in
938 1058 1101 1105 conjugiis
1131 1070 1225 1094 sunt:
1261 1074 1349 1101 „no-

202 1122 311 1167 lite2)
335 1122 494 1155 fraudare
519 1121 675 1160 invicem,
698 1120 763 1154 nisi
786 1121 876 1154 forte
901 1135 937 1154 ex
956 1134 1122 1155 consensu
1141 1122 1185 1154 ad
1201 1131 1346 1168 tempus,

201 1194 239 1218 ut
262 1183 385 1217 vacetis
411 1183 578 1223 orationi,
603 1193 637 1216 ct
661 1183 782 1216 iterum
807 1182 841 1215 in
866 1182 902 1216 id
925 1183 1038 1228 ipsum
1063 1183 1182 1216 sitis:“
1215 1193 1344 1217 certum

203 1255 261 1286 est,
282 1245 364 1291 quia
388 1246 576 1290 impeditur
599 1244 800 1278 sacrificium
825 1243 1019 1278 indesinens
1033 1245 1084 1287 iis,
1107 1245 1166 1289 qui
1183 1244 1345 1291 conjuga·

201 1307 290 1341 libus
321 1307 575 1341 necessitatibus
604 1305 764 1341 serviunt.
818 1305 922 1339 Unde
952 1307 1086 1340 videtur
1118 1305 1221 1346 mihi,
1251 1307 1346 1351 quod

201 1368 293 1403 illius
320 1379 368 1403 est
390 1369 514 1409 solius,
540 1369 667 1401 offerre
689 1367 892 1401 sacrificium
916 1367 1127 1408 indesinens,
1159 1368 1217 1413 qui
1231 1368 1269 1413 ³)
1292 1368 1346 1401 in-

202 1431 380 1470 desinenti,
405 1440 438 1463 et
461 1439 647 1475 perpetuae
671 1442 705 1462 se
730 1428 903 1462 devoverit
927 1428 1074 1462 castitati.
1113 1429 1184 1462 Sed
1208 1438 1287 1463 sunt
1310 1439 1344 1463 et

199 1492 255 1525 alii
280 1493 349 1526 dies
372 1492 448 1525 festi
471 1492 528 1532 iis,
562 1491 619 1536 qui
649 1492 738 1523 forte
763 1504 833 1524 non
859 1499 1002 1535 possunt
1024 1490 1256 1524 indesinenter
1278 1490 1344 1524 im-

199 1554 333 1587 molare
357 1553 521 1586 sacrificia
548 1551 713 1586 castitatis.

289 1615 321 1648 4.
368 1615 527 1647 Secunda
553 1627 632 1656 ergo
658 1612 815 1646 festivitas
839 1624 918 1657 post
941 1612 1161 1647 indesinentis
1185 1613 1342 1648 sacrificii

199 1675 410 1710 festivitatem
438 1676 579 1720 ponitur
603 1675 755 1714 sabbati,
780 1684 810 1707 et
836 1684 973 1719 oportet
996 1684 1193 1708 sanctorum
1219 1688 1339 1720 quem-

201 1751 278 1783 que,
303 1747 334 1771 et
357 1736 483 1783 justum
509 1750 605 1778 agere
631 1737 731 1769 etiam
757 1737 888 1770 sabbati
912 1737 1134 1770 festivitatem.
1171 1735 1270 1780 Quae
1294 1746 1342 1770 est

201 1810 313 1833 autem
338 1799 496 1833 festivitas
519 1798 660 1838 sabbati,
684 1797 748 1831 nisi
771 1797 848 1837 illa,
873 1799 915 1831 de
939 1811 1006 1842 qua
1029 1797 1216 1843 Apostolus
1241 1798 1339 1831 dicit:

201 1860 480 1906 „relinquetur-⁴)
507 1872 586 1902 ergo
611 1858 868 1899 sabbatismus,“
892 1860 960 1893 hoc
985 1869 1042 1899 est,
1065 1859 1199 1893 sabbati
1223 1860 1341 1893 obscr-

200 1923 288 1956 vatio
315 1923 467 1967 „populo
492 1921 612 1955 Dei?“
649 1921 892 1965 Relinquentes
917 1933 996 1963 ergo
1021 1921 1183 1955 Judaicas
1207 1921 1341 1956 sabbati

295 2115 329 2158 ¹)
350 2115 443 2152 Edd.
467 2117 622 2151 Merlini:
647 2116 846 2151 contristari.

293 2171 330 2214 ²)
355 2171 368 2202 Ῑ
395 2171 475 2205 Cor.
506 2172 578 2212 VII,
601 2174 633 2206 5.

291 2226 328 2270 ³)
353 2227 443 2262 Edd.
467 2227 622 2261 Merlini:
648 2227 704 2272 qui
729 2228 958 2262 indesinenter
985 2238 1016 2262 et
1040 2236 1225 2273 perpetuae
1249 2236 1309 2261 etc.

293 2280 329 2326 4)
354 2282 459 2316 Hebr.
490 2284 548 2324 lv,
571 2284 601 2318 9.
