1427 2460
13 59 17 108 Ι
348 75 383 99 m
402 46 585 98 *Nummos
608 63 770 97 HommA
789 64 849 96 XI.
1096 62 1161 96 107

0 223 5 253 i
38 218 140 257 dabit,
162 218 219 250 sed
245 225 276 249 et
298 214 432 260 adjiciet
455 216 497 247 ad
521 215 666 260 illud.2)
713 214 808 258 Quid
832 212 989 260 adjiciet?
1025 221 1063 245 ut
1095 212 1163 246 dis-

0 267 3 275 i
40 279 143 320 cutiat
173 288 204 311 et
231 276 396 311 discernat
428 275 463 309 iu
497 276 634 317 singulis
667 277 857 321 quibusque
888 275 1040 320 capitulis
1071 274 1164 317 legis,

6 344 10 352 ”
39 341 98 374 ubi
122 340 278 382 fugienda
301 337 342 372 sit
365 338 444 380 legis
468 337 572 378 litera,
597 337 658 371 ubi
681 338 913 383 amplectenda
928 363 937 378 ‚
970 336 1031 369 ubi
1064 326 1181 369 etiam¹

38 401 184 435 narratio
231 399 390 433 historiae
427 413 504 432 cum
546 400 687 446 mystica
731 399 940 444 expositione
977 397 1166 431 conveniat.

10 451 11 454 Ἴ
37 461 260 505 „Christus³)
294 461 384 494 enim
408 475 470 494 nos
501 461 644 494 redemit
668 462 710 493 de
736 460 918 494 maledicto
943 459 1021 501 legis
1032 463 1061 492 :“
1091 472 1166 491 non

35 536 100 557 nos
122 522 266 556 redemit
290 524 332 556 de
355 522 536 555 maledicto
560 523 726 560 mandati.
757 535 820 555 nec
845 523 887 555 de
910 521 1092 554 maledicto
1116 529 1166 553 te-

36 584 196 625 stimonii,
218 597 282 617 nec
307 585 349 617 de
372 584 551 617 maledicto
575 582 801 629 judiciorum,
830 584 889 617 sed
914 585 957 617 de
980 582 1165 616 maledicto

36 644 136 690 legis:
158 645 194 679 id
219 655 275 685 est,
296 659 340 679 ne
364 644 505 690 subjecti
530 658 672 679 essemus
687 644 935 678 circumcisioni
960 644 1079 683 carnis,
1102 656 1166 676 nec

37 707 262 741 observationi
286 709 516 746 sabbatorum,
539 706 678 751 aliisque
709 707 833 740 horum
865 705 1047 745 similibus,
1079 717 1168 749 quae

35 782 109 802 non
140 769 174 801 in
208 769 392 807 mandatis,
430 769 488 801 sed
522 768 557 800 in
595 769 666 810 lege
703 768 848 800 dicenda
877 776 955 800 sunt
985 766 1166 799 contineri.

38 830 227 873 Quomodo
254 842 332 872 crgo
357 830 507 862 abundat
532 827 652 874 justitia
676 839 792 862 nostra
815 830 890 873 plus
915 841 1017 872 quam
1040 829 1168 861 scriba-

36 887 112 935 1ftim
139 899 170 923 et
193 889 463 929 Pharisaeorum,
486 890 512 923 si
536 890 586 922 illi
611 891 653 923 de
676 891 842 923 fructibus
866 899 974 923 terrae
1003 903 1082 923 suae
1106 901 1167 930 gu-

37 961 122 986 stare
145 965 218 985 non
240 953 376 991 audent,
399 952 596 996 priusquam
621 951 784 996 primitias
813 951 1047 986 sacerdotibus
1080 951 1168 983 osfe-

37 1022 121 1052 rant,
146 1022 177 1045 et
199 1012 319 1046 Levitis
343 1013 535 1056 decimas4)
559 1022 729 1057 separent:
762 1021 795 1045 et
828 1026 889 1054 ego
922 1012 1007 1046 nihil
1040 1013 1166 1046 horum

36 1073 178 1114 faciens,
200 1074 365 1108 fructibus
388 1083 497 1107 terrae
528 1074 574 1106 ita
605 1075 743 1114 abutar,
783 1083 820 1106 ut
851 1076 1010 1107 sacerdos
1032 1073 1169 1113 nesciat,

37 1134 166 1168 Levites
189 1134 338 1176 ignoret,
375 1135 526 1168 divinum
560 1136 664 1167 altare
687 1148 759 1167 non
783 1134 927 1168 sentiat?
972 1135 1063 1168 Illud
1088 1147 1168 1168 sane

0 1218 2 1222 ,
38 1195 225 1229 necessario
257 1197 551 1228 commonendum
576 1205 638 1235 est,
673 1197 767 1239 quod
800 1196 851 1228 lex
877 1196 1059 1241 dupliciter
1083 1196 1168 1230 dici-

39 1265 112 1289 tur:
136 1269 215 1289 nam
240 1257 438 1298 generaliter
462 1258 576 1290 omnia
599 1258 678 1296 ista,
702 1257 770 1289 hoc
795 1266 858 1296 est,
881 1259 1091 1298 mandatum,
1115 1256 1170 1303 ju·-

37 1316 261 1350 stiflcationes:
286 1326 480 1361 praecepta,
505 1317 716 1356 testimonia,
752 1317 894 1363 judicia,
918 1319 970 1351 lex
995 1319 1170 1363 appellan-

39 1387 110 1411 tur:
135 1378 324 1422 specialiter
348 1388 458 1410 autem
482 1391 559 1422 pars
584 1377 695 1422 aliqua
712 1391 750 1410 ex
773 1378 822 1417 iis,
846 1378 984 1422 quaein
1002 1379 1172 1420 legescri-

36 1449 96 1484 pta
117 1449 205 1479 sunt,
231 1439 283 1472 lex
307 1438 439 1479 dicitur,
463 1449 500 1472 ut
523 1449 601 1473 sunt
624 1439 694 1479 ista,
720 1440 762 1472 de
788 1439 909 1484 quibus
932 1440 1086 1485 superius
1103 1443 1169 1475 dis-

37 1500 212 1537 seruimus.
259 1500 435 1533 Generalis
467 1510 577 1533 autem
602 1501 653 1533 lex
678 1501 900 1543 significatur,
929 1502 1024 1535 verbi
1056 1503 1173 1545 gratia,

39 1576 117 1607 eum
142 1564 185 1596 de
208 1562 383 1596 salvatore
408 1561 546 1603 dicitur,
578 1563 656 1607 quia
680 1562 822 1606 „non⁵)
854 1563 943 1596 venit
966 1563 1097 1597 solvere
1121 1565 1174 1598 le-

38 1637 124 1666 gem,
146 1625 207 1657 sed
231 1624 450 1668 adimplere.“
501 1623 544 1656 Et
566 1623 647 1656 item
680 1623 778 1656 alibi:
809 1624 1008 1668 „plenitudo
1022 1622 1059 1669 ⁶)¹
1091 1638 1169 1667 ergo

36 1684 118 1726 legis
153 1694 202 1718 est
236 1684 405 1718 dilectio.“
457 1685 496 1717 ln
532 1698 600 1729 quo
630 1685 748 1730 utique
778 1686 895 1719 omnia
929 1687 1048 1726 simul,
1084 1700 1174 1731 quae

37 1745 160 1789 scripta
183 1755 261 1779 sunt
284 1747 319 1780 in
341 1748 423 1789 lege,
447 1747 553 1787 legem
577 1747 772 1780 nominavit.
825 1747 919 1781 Haec
951 1748 1095 1782 diximus
1120 1763 1173 1782 as·

38 1796 183 1840 serentes
208 1809 406 1842 mandatum
432 1809 474 1841 de
497 1807 653 1853 primitiis
674 1809 821 1850 frugum,
843 1810 896 1842 vel
911 1822 1088 1854 pecorum,
1112 1811 1174 1842 de-

38 1868 120 1901 bere
145 1868 243 1901 etiam
266 1870 454 1902 secundum
478 1869 609 1902 literam
634 1879 731 1902 stare.

127 1930 157 1964 3.
181 1930 283 1962 Nunc
314 1939 426 1964 autem
461 1930 650 1970 videamus,
682 1931 860 1975 quomodo
887 1940 919 1963 et
941 1931 1173 1973 allegoricum,

136 2030 172 2074 ¹)
197 2030 299 2063 ProV.
323 2030 348 2069 I,
372 2031 403 2064 5.
501 2029 537 2074 ²)
560 2029 648 2063 Edd.
675 2030 829 2063 Merlini:
853 2031 956 2064 aliud.

132 2085 169 2128 3)
195 2084 304 2119 Galat.
329 2086 388 2125 111,
411 2085 464 2121 13.

133 2140 171 2185 4)
194 2141 275 2175 NIss.
299 2142 467 2181 „decimas
490 2146 676 2186 separent.“
730 2142 823 2175 Libri
857 2143 937 2176 editi
969 2145 1017 2188 (v.
1044 2157 1071 2177 c.
1096 2145 1173 2177 eddi.

42 2185 128 2230 Μ.;)
153 2187 327 2226 „decimae
350 2192 580 2232 separentur.“
602 2187 644 2219 R.

133 2239 170 2285 ⁵)
193 2241 312 2276 Matth.
336 2242 378 2284 v,
403 2243 476 2278 17.r
551 2242 589 2286 6)
613 2243 715 2276 Rom.
740 2242 834 2283 xm,
858 2244 910 2278 10.
