1427 2460
243 118 308 154 116
724 117 902 151 Omenms

242 207 369 253 angeli:
395 217 426 241 et
445 207 531 241 sicut
555 219 594 240 ex
617 205 715 240 initio
739 205 863 241 saeculi
888 205 1000 253 hujus,
1026 220 1104 240 cum
1129 206 1382 253 dispergeret¹)

242 271 336 304 Deus
359 270 447 302 filios
472 269 595 309 Adam,
619 267 731 302 statuit
755 269 838 301 fines
862 268 1014 311 gentium
1047 270 1237 303 secundum
1260 283 1381 303 nume-

242 345 318 365 rum
343 331 542 372 angelorum
566 330 652 370 Dei,
684 339 715 363 et
739 342 964 375 unaquaeque
987 343 1064 372 gens
1088 332 1151 364 sub
1175 331 1237 364 illo
1261 332 1381 373 angelo

242 395 329 426 facta
354 402 412 432 est,
435 404 503 425 una
523 401 636 425 autem
660 391 726 424 fuit
750 400 782 424 et
805 392 909 425 electa
934 405 1012 434 gens
1035 393 1158 433 Israel,
1189 405 1276 438 quae
1299 406 1382 437 por-

243 454 290 488 tio
307 453 450 487 Domini
474 453 548 493 suit,
573 463 605 486 et
625 452 798 486 funiculus
823 453 1015 488 hereditatis
1040 453 1129 500 ejus:
1151 454 1196 487 ita
1220 455 1324 488 credo
1351 463 1384 487 et

241 515 275 548 in
301 517 368 549 {ine
393 514 492 561 hujus
517 514 640 548 mundi
664 524 766 560 atque
795 514 832 548 in
864 514 961 548 initio
985 516 1110 549 saeculi
1130 516 1266 549 alterius
1290 517 1384 549 futu-

243 591 340 616 rum,
364 586 400 610 ut
425 577 548 610 iterum
574 576 702 610 dividat
736 577 881 610 excelsus
905 576 995 610 filios
1019 578 1147 611 Adam:
1173 587 1204 611 et
1228 577 1286 622 qui
1309 590 1382 610 non

241 638 416 684 potuerint
439 639 481 672 ita
505 638 627 672 mundi
653 650 723 671 esse
746 639 870 679 corde,
903 647 940 671 ut
962 639 1074 683 ipsum
1099 639 1234 673 videant
1256 638 1383 672 Domi-

242 714 336 741 num,
361 710 393 733 et
418 713 487 733 esse
510 700 625 745 portio
650 698 815 739 Domini,
853 700 989 733 videant
1011 709 1146 734 sanctos
1171 701 1327 742 angelos,
1351 709 1383 732 et

242 762 307 796 sint
337 763 524 795 secundum
557 775 741 795 numerum
781 762 981 803 angelorum
1024 761 1101 794 Dei.
1161 762 1230 795 Sed
1266 762 1385 795 beatus
1426 787 1427 793 1

245 833 301 863 est,
326 823 383 869 qui
409 824 528 866 dignus
553 822 654 856 fuerit
682 823 721 856 in
745 823 803 855 illa
835 823 901 856 vita
935 835 1002 856 esse
1032 823 1147 868 portio
1173 822 1328 863 Domini,
1352 831 1386 855 et

244 885 393 929 populus
419 882 490 929 ejus
522 885 652 924 Jacob,
685 897 723 918 ac
748 884 920 918 funiculus
950 884 1144 919 hereditatis
1167 897 1247 918 suae
1271 884 1383 918 Israel.

245 946 407 991 Optabile
430 956 477 979 est
502 959 600 988 ergo,
631 955 669 979 ut
693 946 856 986 diximus,
890 946 935 979 ita
959 947 1128 991 proficere
1151 959 1384 990 unumquem-

244 1021 320 1053 que,
344 1018 380 1041 ut
405 1008 492 1041 inter
515 1007 698 1052 primitias,
720 1009 772 1041 vel
797 1007 1022 1053 primogenita
1047 1007 1125 1050 eligi
1147 1017 1328 1047 mereatur,
1352 1001 1385 1040 et

244 1070 364 1103 offerri
388 1070 476 1110 Deo,
501 1079 532 1102 et
558 1083 625 1102 esse
649 1082 726 1113 pars
750 1069 906 1109 Domini,
929 1070 1015 1103 sicut
1045 1083 1063 1102 e
1089 1068 1261 1102 contrario
1286 1069 1384 1102 valde

244 1131 436 1165 timendum
461 1140 517 1170 est,
542 1143 586 1162 ne
610 1130 824 1163 inveniamur
847 1131 937 1164 inter
959 1131 1056 1170 illos,
1083 1132 1125 1164 de
1154 1130 1277 1176 quibus
1302 1129 1384 1163 scri-

244 1202 341 1238 ptum
368 1202 432 1226 est:
450 1191 715 1236 ‚‚intr0ibunt²)
739 1192 775 1224 in
798 1190 963 1226 inferiora
986 1202 1112 1232 terrae,
1148 1193 1327 1225 tradentur
1349 1193 1385 1225 in

243 1268 365 1288 manus
391 1253 502 1296 gladii,
526 1262 637 1298 partes
661 1254 814 1298 vulpium
841 1258 974 1288 erunt.“
1021 1255 1126 1288 Vides
1150 1265 1247 1295 ergo,
1271 1266 1382 1287 resur-

245 1316 405 1349 rectionis
428 1325 602 1359 tempore‚
628 1327 705 1347 cum
731 1315 880 1349 dividere
905 1316 1057 1361 coeperit
1089 1316 1235 1349 excelsus
1260 1323 1384 1356 gentes,

245 1385 279 1408 et
302 1388 366 1420 pro
391 1372 518 1408 meritis
543 1375 734 1419 dispergere
756 1376 846 1409 fflios
871 1377 1001 1417 Adam,
1030 1378 1164 1410 futuros
1189 1388 1257 1410 esse
1282 1388 1384 1419 quos-

246 1437 342 1477 dam,
367 1437 425 1481 qui
456 1436 581 1470 intrent
612 1436 648 1470 in
684 1436 847 1471 inferiora
870 1447 997 1478 terrac,
1029 1447 1060 1471 et
1083 1446 1196 1483 partes
1219 1437 1385 1481 vulpium,

244 1499 281 1532 id
306 1507 363 1537 est,
388 1507 498 1543 partes
523 1499 731 1531 daemonum
757 1499 850 1532 fiant.
911 1500 1007 1544 Ipsae
1038 1498 1177 1542 enim3)
1207 1505 1286 1532 sunt
1307 1486 1384 1529 vul-

245 1559 586 1605 peqexterminantes
609 1560 780 1604 vineas,⁴)
805 1574 843 1594 ex
860 1562 982 1606 quibus
1007 1571 1078 1594 erat
1101 1569 1132 1594 et
1152 1559 1319 1598 Herodes,
1339 1558 1401 1591 de*

247 1634 316 1666 quo
342 1620 482 1654 dicitur:
506 1622 632 1666 „ite,⁵)
655 1620 759 1654 dicite
782 1623 876 1666 vulpi
901 1621 1013 1656 huic.“
1059 1621 1278 1663 Refugiamus
1302 1632 1381 1662 ergo

247 1692 400 1716 terrenos
425 1691 535 1721 actus,
571 1691 604 1715 et
632 1683 889 1727 intelligentiam
923 1693 1114 1723 terrenam,
1150 1696 1194 1716 ne
1218 1679 1383 1725 aggravati

247 1742 386 1777 terrenis
409 1742 578 1783 sensibus,
609 1743 757 1778 introire
781 1745 936 1779 dicamur
958 1745 994 1778 in
1018 1744 1183 1778 inferiora
1206 1753 1326 1785 terrae,
1352 1751 1384 1775 et

246 1813 360 1850 partes
390 1804 543 1850 vulpium
574 1804 659 1839 fieri.
721 1805 852 1840 Inerant
883 1806 974 1840 enim
1006 1815 1037 1839 et
1067 1804 1117 1838 illi
1152 1804 1187 1838 in
1218 1792 1383 1838 inferiora

246 1875 373 1906 terrae,
405 1865 462 1911 qui
485 1867 594 1909 legem
618 1867 685 1900 Dei
716 1877 749 1901 et
780 1868 1087 1912 repromissionum
1118 1866 1230 1906 bona,
1259 1865 1383 1898 intelli-

247 1927 357 1971 gentia
380 1937 534 1961 terrenae
560 1928 767 1971 cogitationis
793 1928 973 1974 excipiunt,
999 1937 1031 1962 et
1047 1940 1120 1962 non
1139 1924 1283 1961 excitant
1306 1925 1382 1960 ani·

247 2002 318 2023 mas
343 1989 537 2023 auditorum
564 1990 606 2023 ad
631 1989 915 2035 exspectationem
933 1989 1140 2030 coelestium,
1164 1997 1196 2022 et
1219 1987 1380 2023 intuitum

343 2134 377 2177 ¹)
403 2133 473 2167 Csr.
498 2133 601 2168 Deut.
625 2134 772 2175 XXXII,
794 2135 826 2170 8.

339 2189 377 2233 ²)
401 2189 523 2222 Psalm.
548 2189 670 2229 LXIII,
694 2190 724 2224 9.
751 2193 803 2225 10.
827 2189 972 2235 (LXII.)

339 2244 377 2288 ³)
400 2244 490 2278 Edd.
515 2244 670 2279 Merlini:
696 2254 774 2278 sunt
798 2247 898 2278 enim.

339 2300 376 2344 ⁴)
402 2299 474 2334 Cfr.
498 2298 629 2334 Cantic.
652 2299 693 2339 II,
721 2302 772 2337 15.
868 2302 903 2345 ⁵)
930 2301 1011 2333 Luc.
1035 2299 1130 2341 Xlll,
1151 2300 1204 2335 32.
