1427 2460
401 76 438 100 m
459 65 640 100 Nummos
664 63 827 98 ΗοΜηιΑ
853 64 914 97 ΙΙΙ.
1178 65 1223 100 31

90 157 308 204 primitivum.
353 156 404 188 Ex
428 169 494 201 qua
519 155 573 189 die
596 154 747 200 percussi
771 168 872 188 omne
895 154 1160 200 primogenitum
1185 155 1224 189 in

92 229 180 253 terra
205 217 366 265 Aegypti,
396 217 479 250 mihi
510 216 710 251 sanctificavi
743 215 894 260 omne¹)
928 216 1226 261 primogenitum.“

72 282 223 315 -Notum
248 289 296 313 est
320 278 401 324 quid
427 280 469 312 de
492 279 531 312 iis
554 278 692 312 historia
720 279 907 318 contineat,
943 281 1121 323 quomodo
1146 292 1225 323 per-

96 357 189 376 cussa
212 341 324 385 sint2)
338 340 563 385 primogenita
580 340 832 386 Aegyptiorum,
858 353 934 372 cum
954 341 1103 385 populus
1122 341 1226 374 Israel

94 406 296 437 educeretur
327 416 364 435 ex
395 406 559 449 Aegypto.
607 402 684 435 Hoc
718 411 765 433 est
797 414 894 442 ergo,
934 403 1027 444 quod
1051 401 1086 434 in
1110 403 1227 446 hoc³)

95 466 172 498 loco
196 465 381 503 iudicatur,
413 463 491 508 quia
516 476 587 496 non
618 463 712 507 prius
738 462 932 496 sanctificati
956 472 1033 495 sunt
1055 463 1227 507 primoge-

93 527 155 559 niti
179 526 280 559 Israel
312 539 413 570 quam
444 534 701 569 percuterentur
717 525 753 568 ¹²)
785 523 1028 569 Aegyptiorum
1054 526 1227 570 primoge-

92 587 171 621 niti:
196 596 228 620 et
250 587 344 631 quasi
369 601 503 620 causam
526 585 801 620 sanctificationis
824 587 969 626 horum,
997 587 1169 621 interitum
1195 598 1229 621 et

94 662 212 682 necem
236 649 335 693 ponit
354 649 504 686 illorum,
549 648 653 681 Unde
678 657 710 680 ct
733 648 788 680 hic
802 647 1058 690 intelligendum
1078 660 1134 690 est,
1159 664 1228 683 esse

96 712 262 755 quosdam
286 710 530 755 primogenitos
558 711 656 743 etiam
680 711 716 743 in
742 710 919 756 Aegyptiis,
943 710 979 744 id
1004 720 1060 752 est,
1083 711 1119 744 in
1142 726 1227 745 con-

96 772 204 805 trariis
226 772 465 816 potestatibus,
503 772 596 817 quasi
621 773 743 805 clectos
767 772 802 804 in
826 772 969 813 malitia,
996 782 1026 806 et
1048 773 1176 817 primos
1192 774 1229 817 ⁵)

96 834 184 866 inter
208 834 409 866 daemonas:
434 834 491 877 qui
515 833 579 866 nisi
602 834 752 878 percussi
775 833 900 866 suerint
915 844 946 866 et
970 834 1128 874 exstincti,
1152 847 1229 868 san-

97 894 335 928 ctificationem
365 895 540 940 percipere
578 896 804 930 Israelitarum
835 896 1054 941 primogeniti
1085 897 1228 929 omnino

95 969 169 989 non
194 964 346 1001 possunt.
401 957 486 1001 Quis
518 971 596 999 ergo
627 968 674 992 est
696 958 775 999 iste,
805 958 864 1003 qui
893 958 1139 1003 primogenitos
1162 959 1230 991 Ae-

98 1018 311 1065 gyptiorum,
346 1017 383 1050 id
409 1028 472 1058 est,
503 1019 729 1064 principatus,
761 1029 793 1053 et
816 1029 997 1064 potestates
1022 1021 1233 1054 daemonum

97 1079 284 1125 percussit?
326 1080 451 1113 Nonne
475 1080 647 1115 Dominus
670 1095 764 1115 meus
787 1082 882 1116 Jesus
908 1082 1078 1122 Christus,
1105 1081 1162 1126 qui
1186 1091 1234 1115 est
1258 1109 1259 1112 ,

99 1142 347 1186 primogenitus
380 1142 489 1176 omnis
523 1152 715 1184 creaturae,
741 1143 798 1188 qui
821 1143 1047 1188 principatus,
1079 1153 1110 1176 et
1133 1152 1234 1187 pote-

99 1213 196 1238 states
221 1204 373 1236 adversas
396 1204 552 1243 traduxit,
575 1203 787 1249 triumphans
818 1218 875 1238 eos
905 1206 940 1238 in
966 1204 1089 1238 cruce?
1135 1204 1234 1248 Quos

101 1266 218 1310 utique
231 1264 294 1298 nisi
308 1265 364 1298 ille
378 1264 600 1309 percussisset,
625 1275 655 1298 et
676 1266 923 1311 triumphasset,
946 1267 1163 1300 sanctificatio
1189 1267 1234 1299 ad

100 1340 164 1360 nos
194 1326 403 1371 primitivalis
438 1326 552 1359 venire
582 1328 774 1361 nullatenus
805 1329 979 1372 potuisset.
1040 1328 1088 1361 Ut
1120 1338 1234 1362 autem

99 1388 200 1421 nobis
239 1387 546 1433 primogenitorum
584 1388 839 1422 benedictiones
881 1391 1044 1430 donaret,
1090 1390 1236 1423 efficitur

101 1451 196 1495 prius
224 1450 296 1495 ipse
336 1449 582 1494 primogenitus
614 1463 652 1483 ex
682 1451 844 1492 mortuis,
877 1462 915 1485 ut
946 1451 986 1485 sit
1010 1453 1045 1485 in
1073 1453 1233 1485 omnihus

101 1512 173 1557 ipse
196 1514 379 1557 primatum
409 1521 542 1551 tenens‚
586 1522 616 1545 et
647 1525 711 1546 nos
743 1514 916 1547 credentes
948 1514 1234 1557 resurrectioniss)

102 1587 183 1608 suae
212 1582 394 1606 assumeret
415 1586 480 1617 pro
505 1572 691 1617 primitivis,
717 1583 748 1607 ct
776 1575 811 1608 in
837 1575 1088 1620 primitivorum
1114 1575 1235 1609 ordine

103 1636 304 1677 collocaret,
340 1634 368 1668 si
404 1644 518 1667 tamen
554 1636 835 1671 benedictionum
871 1638 1009 1679 gratiam
1053 1650 1161 1682 usque
1191 1637 1236 1670 ad

103 1699 206 1732 finem
229 1697 365 1730 firmam
389 1697 612 1738 retineamus,
645 1696 753 1744 adjuti
775 1698 1007 1734 misericordia
1031 1699 1134 1744 ipsius
1157 1699 1235 1731 Do-

199 1877 235 1921 ¹)
257 1875 346 1909 Edd.
371 1876 528 1909 Merlini:
555 1890 658 1910 omne
681 1876 901 1922 primitivum.

196 1931 329 1977 ²)-Csr.
354 1931 462 1964 Exod.
486 1932 549 1968 XI,

196 1988 234 2033 ³)
258 1988 363 2021 Deest
384 1989 493 2028 „hoc“
518 1988 552 2021 in
578 1988 650 2022 sola
675 1989 726 2021 ed.
751 1989 792 2023 R.

198 2044 236 2085 4)
259 2045 341 2078 Mss.
395 2044 562 2086 sagiensis
617 2054 648 2078 et
695 2045 928 2080 Ebroicensis:
976 2057 1236 2092 „perverteren-

105 2095 200 2125 tur.“
231 2091 274 2123 R.

202 2152 236 2195 ⁵)
263 2151 375 2229 Cochd.
405 2151 614 2186 Turonensis
646 2160 679 2184 et
708 2151 942 2187 Ebroicensis:
972 2153 1238 2199 „primogenitos

107 2197 215 2233 inter“
239 2206 300 2230 etc.
357 2224 364 2231 .

200 2258 238 2303 ⁶)
261 2258 350 2293 Edd.
374 2258 532 2294 Men-lini:
557 2259 809 2296 resurrectionis
833 2272 920 2294 suae.
