1427 2460
233 103 302 140 380
622 104 673 137 Ex
698 102 807 137 Oma.
831 102 994 137 Snuzcn

326 195 432 240 ,,Οὗκ
447 195 482 240 ¹)
505 194 687 239 ἐπιβαλεῖς
709 192 832 233 αὐτοῖς
854 192 1049 242 σίδηρον.“
1096 195 1278 240 Ζητητέον
1307 195 1369 232 διὰ

235 261 273 292 τί
298 259 450 303 σίδηρον
474 256 540 291 οὐκ
565 256 605 301 ἐᾷ
628 258 701 291 τῶν
723 258 840 290 λίθων
864 253 1037 301 ἅψασθαι
1059 257 1109 296 εἲς
1132 256 1198 301 τὴν
1221 258 1370 294 οἰκοδο-

234 318 311 364 μὴν
334 321 397 354 τοῦ
420 321 683 365 θυσιαστηρίου
708 314 1020 365 χρησιμευόντων.
1063 317 1170 353 Ἀλλὰ
1193 322 1255 354 καὶ
1277 319 1368 365 μετὰ

235 382 347 416 ταῦτα
377 384 428 421 εἰς
457 379 523 424 τὴν
555 378 758 427 οἰκοδομὴν
780 382 844 414 τοῦ
863 381 954 414 ναοῦ
978 382 1105 420 λίθους
1130 379 1371 426 ἀπελεκήτους

234 441 449 488 προστάττει
473 445 710 487 συναγαγεῖν,
735 443 798 475 καὶ
822 443 1076 488 οἰκοδομῆσαι.
1112 446 1160 477 Εἰ
1183 442 1256 492 γὰρ
1281 440 1371 479 ἄτο-

234 517 309 539 πον
337 502 377 539 τὸ
409 504 563 552 σίδηρον
593 501 775 539 ἅπτεσθαι
805 505 869 539 τοῦ
905 506 1013 540 λίθου
1044 503 1135 552 πρὸς
1170 505 1372 552 οἰκοδομὴν

234 565 493 615 ἁρμόττοντος,
517 567 596 605 πῶς
620 559 687 600 οὖν
710 562 781 610 ἄρα
807 567 842 601 οἱ
863 569 992 610 κίονες,
1017 568 1094 606 πῶς
1118 560 1185 602 οὗν
1207 569 1246 602 αἱ
1263 571 1371 603 σανί-

233 630 294 668 δες
318 630 380 663 καὶ
404 630 443 663 αἱ
466 625 603 663 τούτων
625 628 821 674 κεφαλίδες
851 627 1120 677 εἴργάσθησαν;
1153 625 1177 673 ἢ
1200 631 1279 669 πῶς
1301 627 1372 664 ὅσα

234 692 275 726 ἐκ
293 693 435 737 χαλκοῦ
452 692 618 737 γέγονεν,
645 686 667 733 ἢ
685 691 840 735 χρυσοῦ,
857 687 880 733 ἢ
901 688 1073 738 ἀργύρου,
1098 689 1370 735 κατεσκευάσθη

233 750 304 800 ἄρα
329 750 417 788 ἄνευ
441 749 612 800 σιδήρου,·
637 753 713 786 Καὶ
734 753 812 790 πῶς
829 747 908 786 οἷόν
928 764 987 794 τε,·
1011 751 1085 786 Διά
1099 750 1238 788 τούτων
1249 766 1370 800 φανε-

233 814 300 863 ρὸν
322 816 411 862 μὲν,
449 812 504 849 ὅτι
529 813 596 859 οὐχ
628 812 752 853 ἁπλῶς
776 811 1001 862 ἀπαγορεύει
1023 812 1062 849 τὸ
1089 814 1240 864 σίδηρον
1263 813 1369 860 ἅψοι-

233 883 323 913 σθαι
339 879 413 913 τῶν
426 879 555 911 λίθων.
585 878 648 915 Τίς
661 869 728 911 οὖν
751 874 772 920 ἡ
793 876 910 918 αἰτία,·
934 877 1111 923 Λέγομεν
1128 875 1170 911 οὐ
1187 877 1369 924 διισχυρι-

232 937 390 985 ζόμενοι.
434 939 557 972 Ταῦτα
575 937 621 981 δὴ
639 940 777 972 τοίνυν.
815 936 983 983 Σκληρὸν
999 940 1142 984 σκληρῷ
1161 937 1370 984 ἐπιβάλλειν

231 1003 294 1036 καὶ
329 997 548 1047 συγκρούειν
582 996 721 1037 κωλύει.
755 998 916 1045 Μεγάλα
951 997 1023 1047 γὰρ
1054 1003 1157 1046 φιλεῖ
1184 1005 1370 1037 τίκτεσθαι

231 1061 326 1097 κακὰ
351 1063 391 1097 ἐκ
419 1063 480 1105 τῆς
503 1062 577 1096 τῶν
601 1062 766 1108 σκληρῶν
790 1064 996 1107 συμμίξεως
1019 1063 1081 1097 καὶ
1105 1060 1369 1109 συγκρούσεως.

224 1122 351 1159 Ἤτὸν
366 1122 487 1170 φόνον
508 1120 556 1162 ὠς
577 1120 796 1170 πορρωτάτω
820 1127 881 1166 τῆς
900 1124 1052 1172 καρδίας
1068 1125 1142 1158 τῶν
1158 1121 1369 1171 ἀνθρώπων

232 1184 408 1231 ἐκβάλλει·
440 1187 502 1220 καὶ
524 1182 627 1231 μάλα
651 1185 808 1224 δικαίως.
853 1186 901 1219 Εἰ
932 1183 1004 1231 γὰρ
1032 1183 1074 1219 οὐ
1104 1184 1178 1234 χρὴ
1201 1188 1295 1232 λίθῳ
1316 1189 1367 1232 τῷ

233 1249 536 1294 οἰκοδομουμένῳ
569 1249 618 1285 εἷς
647 1245 714 1291 τὴν
745 1249 809 1282 τοῦ
841 1251 1102 1292 θυσιαστηρίου
1130 1248 1367 1294 κατασκευὴν,

231 1308 254 1355 ἢ
290 1313 353 1345 τοῦ
391 1311 502 1353 ναοῦ,
551 1306 717 1355 σιδήριον
764 1307 992 1353 ἐπιβάλλειν,
1039 1311 1118 1349 πῶς
1151 1310 1193 1345 οὐ
1224 1313 1368 1356 μᾶλλον

232 1372 506 1420 ἀπαγορευτέον
529 1369 569 1406 τὸ
594 1372 746 1418 σίδηρον
771 1368 956 1420 ἁρπάζειν,
984 1373 1046 1406 καὶ
1069 1371 1161 1407 κατὰ
1184 1375 1248 1408 τοῦ
1271 1376 1367 1418 πλη-

231 1439 314 1470 σίον
338 1436 483 1480 φονᾷνς

321 1489 511 1540 ,,Οῧτοι2)
536 1492 727 1538 στήσονται
750 1493 916 1539 εὐλογεῖν
938 1492 1003 1530 τὸν
1025 1493 1155 1530 λαόν.“

1192 1500 1366 1545 Παρατη-

231 1559 376 1606 ρητέον,
417 1555 472 1592 ὅτι
509 1558 544 1591 οἱ
565 1555 732 1602 εὐλογεῖν
754 1559 946 1602 ταχθέντες
971 1555 1044 1592 ἀπὸ
1068 1558 1141 1592 τῶν
1164 1557 1367 1605 ἐλευθέρων

230 1621 419 1666 γυναικῶν
449 1620 510 1653 καὶ
535 1620 725 1664 συγγενῶν
748 1620 812 1653 τοῦ
831 1617 958 1663 Ἰακώβ
983 1617 1246 1665 ἐγεννήθησαν·
1272 1619 1365 1656 οὕτω

231 1685 267 1718 οἱ
299 1682 339 1717 δὲ
373 1681 611 1727 καθαρᾶσθαι
647 1679 909 1727 ἀφορισθέντες
948 1680 1021 1716 ἀπὸ
1058 1682 1121 1715 τοῦ
1159 1678 1266 1728 ὅρους
1295 1687 1365 1718 Γε-

227 1742 297 1789 βὰλ
309 1742 359 1787 ³),
384 1741 458 1777 ἀπὸ
482 1744 556 1778 τῶν
580 1742 785 1777 παιδισκῶν
807 1736 912 1786 ἦσαν,
936 1741 1034 1786 πλὴν
1055 1745 1120 1777 τοῦ
1134 1742 1282 1790 Ῥουβὶμ
1305 1747 1368 1780 καὶ

227 1808 292 1841 τοῦ
316 1802 529 1849 Ζαβουλών.
576 1807 751 1839 Τέτακται
775 1805 815 1839 δὲ
839 1803 857 1839 ὁ
874 1802 1021 1852 Ῥουβὶμ
1042 1804 1134 1851 μετὰ
1156 1808 1230 1840 τῶν
1251 1820 1366 1844 κατα-,-

230 1870 427 1916 ρωμένων,
453 1865 500 1906 ὡς
524 1868 585 1901 καὶ
608 1865 862 1914 καταρώμενος
884 1865 957 1901 ὑπὸ
981 1869 1044 1901 τοῦ
1068 1867 1214 1913 πατρός.
1250 1871 1299 1902 Εἰ
1323 1870 1364 1904 δὲ

228 1931 291 1964 καὶ
323 1928 387 1964 τὸν
411 1930 506 1966 Λευὶ
537 1926 784 1975 κατηράσατο,
819 1927 909 1963 ἀλλὰ
940 1927 1156 1974 λελύτρωται
1193 1929 1300 1970 αὐτὸς
1321 1934 1362 1980 τῇ

227 1992 386 2040 ἱερατικῇ
421 1990 516 2035 ἀξία.
570 1988 743 2026 Μάλιστα
771 1989 844 2037 γὰρ
873 1992 996 2036 ἱερέως
1024 1991 1101 2027 ἐστὶ
1122 1990 1163 2030 ,τὸ
1186 1991 1251 2028 τὸν
1273 1991 1365 2029 λαὸν

325 2175 359 2218 ¹)
384 2174 487 2208 Deut.
513 2175 656 2216 XXVlI,
680 2177 712 2210 5.

321 2230 358 2274 ²)
384 2231 485 2263 Dent.
510 2230 656 2271 XXVII,
681 2233 733 2267 12.

323 2286 360 2329 ³)
384 2287 461 2322 Lxx.
485 2287 638 2320 virorum
663 2288 829 2322 editiones
854 2296 1061 2322 constanter:
1086 2284 1234 2331 Γοιιβοέλῃ
