1427 2460
343 69 378 92 m
401 59 578 92 Nummos
602 58 760 92 nomam
783 59 893 93 XVII.
1116 61 1180 95 217

61 148 229 182 benedicti
262 157 354 181 sunt:
391 156 423 181 et
455 148 512 191 qui
543 148 749 181 maledicunt
772 149 851 188 tibi,
882 149 1051 182 maledicti
1074 155 1181 183 sunt.“

63 210 201 244 Certum
231 218 297 250 est,
334 210 428 253 quod
457 209 692 243 benedicentes
725 209 858 243 Christo
896 211 1064 244 benedicti
1094 222 1183 253 sunt,

61 281 94 318 ιει
122 273 157 305 in
191 270 465 304 communionem
486 269 520 315 ¹)
554 279 714 315 paternae
753 271 998 305 benedictionis
1034 273 1180 306 assumti.

63 334 131 385 Qui
161 343 269 366 autem
293 331 517 371 maledicum,
545 333 715 365 maledicti
739 343 827 366 sunt.
874 333 910 366 Si
936 333 1023 366 enim
1050 335 1093 367 ad
1117 348 1182 378 po-

60 396 178 440 pulum
201 393 301 426 istum
326 392 494 437 respicias,
519 393 578 437 qui
601 394 771 428 maledicit
786 394 933 434 Christo,
957 395 1056 428 etiam
1081 396 1180 428 lacri-

60 445 227 488 mabiliter
261 453 430 487 invenitur
464 467 531 488 esse
568 455 776 489 maledictus.
833 455 927 499 Quid
963 457 1052 489 enim
1089 457 1181 490 aliud

60 517 192 549 evenire
222 526 335 561 posset
364 516 421 555 iis,
453 516 522 560 qui¹
540 516 747 549 maledicunt
768 516 965 562 sapientiae,
997 519 1054 562 qui
1077 519 1181 551 male-

60 577 176 610 dicunt
198 578 343 615 veritati,
364 576 422 621 qui
445 577 651 611 maledicunt
675 577 770 618 vitae,
795 579 859 611 nisi
883 588 920 611 ut
944 579 986 611 ab
1011 579 1046 612 iis
1072 579 1182 612 omni-

57 639 120 671 bus
143 639 242 671 bonis
266 648 428 677 extorres,
452 648 484 671 et
508 638 617 671 exules
638 637 795 684 jaceant?
839 639 930 672 Haec
954 639 1043 672 enim
1069 640 1182 673 omnia

63 699 213 733 Christus
238 709 301 733 est:
326 709 358 733 et
383 700 440 744 qui
463 701 633 733 maledicit
650 701 796 741 Christo,
821 710 980 745 tanquam
1008 702 1045 734 iis
1070 702 1183 734 omni-

60 761 123 794 bus
155 761 255 794 bonis
287 761 510 801 maledicens,
540 771 701 806 perpetua
733 762 972 794 maledictione
1005 762 1182 795 damnatus

59 831 116 855 est.
163 823 236 864 Ego
268 831 379 854 tamen
409 831 513 867 puto,
548 824 642 866 quod
673 836 744 855 non
775 821 832 854 ille
860 823 970 855 solum
1003 823 1183 856 maledicat

59 882 206 924 Christo,
232 883 289 928 qui
311 896 504 917 sermonem
530 885 706 916 adversum
721 897 798 916 eum
814 883 1018 916 maledicum
1037 886 1181 929 profert:

58 946 117 978 sed
141 954 172 977 et
194 944 267 984 ille,
297 944 354 989 qui
378 945 440 977 sub
464 945 605 977 nomine
631 944 809 978 Christiani
833 946 921 978 male
942 946 1024 987 agit,
1056 956 1087 979 et
1110 956 1181 979 tur—

57 1006 145 1051 piter
179 1015 413 1045 conversatur,
449 1015 481 1038 et
511 1006 696 1040 inhonestis
727 1007 836 1039 verbis
867 1008 918 1039 vel
955 1007 1083 1040 actibus
1115 1008 1182 1040 suis

58 1068 138 1101 facit
159 1081 288 1101 nomen
314 1066 383 1113 ejus
413 1067 639 1111 blasphemari
670 1067 757 1100 inter
781 1077 908 1108 gentes:
942 1067 1028 1100 sicut
1059 1082 1077 1100 c
1101 1082 1184 1101 con-

56 1130 160 1162 trario
183 1142 255 1161 non
278 1128 350 1167 ille,
375 1127 433 1172 qui
456 1128 670 1160 sermonibus
691 1129 772 1162 solis
791 1128 981 1161 Dominum
1006 1129 1185 1169 benedicit,

57 1190 129 1235 ipse
153 1190 352 1223 benedicere
374 1189 545 1232 putandus
569 1198 633 1227 est,
655 1189 714 1221 sed
739 1188 796 1233 qui
821 1188 965 1227 actibus,
990 1199 1021 1221 et
1042 1190 1127 1230 vita,
1151 1199 1184 1222 et

58 1251 212 1284 moribus
239 1251 306 1283 suis
329 1250 407 1283 facit
439 1251 480 1282 ab
513 1251 671 1282 omnibus
700 1262 826 1282 nomen
852 1249 995 1283 Domini
1018 1251 1184 1285 benedici.

58 1312 103 1345 Et
126 1312 161 1344 in
185 1311 252 1344 istis
275 1313 377 1353 magis
402 1310 644 1354 complebitur,
670 1311 763 1354 quod
796 1311 889 1343 tertia
912 1312 1091 1355 prophetia
1115 1313 1183 1346 Ba-

59 1375 146 1406 laam
179 1373 345 1414 designat,
381 1372 457 1415 quia
489 1371 724 1404 benedicentes
759 1370 891 1404 Christo
929 1373 1184 1414 benedicentur,

60 1445 92 1467 et
113 1434 351 1467 maledicentes
376 1433 405 1465 ei
429 1432 599 1465 maledicti
623 1442 728 1464 erunt.
777 1433 922 1477 Propter
953 1435 1046 1477 quod
1071 1435 1182 1467 omni-

60 1498 164 1529 mode
189 1508 380 1533 caveamus,
403 1506 446 1526 ne
470 1502 612 1537 propter
636 1502 728 1526 actus
750 1504 885 1527 nostros
910 1494 1033 1528 Christi
1056 1510 1183 1529 nomen

58 1557 321 1601 blasphemetur,
344 1557 403 1588 sed
426 1555 528 1597 magis
551 1556 587 1587 id
611 1567 756 1596 agamus,
779 1565 816 1588 ut
829 1557 871 1589 de
891 1556 1186 1591 benedictionibus

61 1617 130 1663 ejus
153 1617 332 1661 participes
356 1629 425 1649 esse
447 1628 650 1649 mereamur.
698 1616 762 1660 lpsi
788 1617 914 1659 gloria,
937 1627 969 1650 et
992 1618 1183 1651 benedictio

62 1678 95 1710 in
120 1678 250 1710 saecula
274 1676 502 1711 saeculorum!
551 1676 678 1710 Amen!

156 1827 191 1870 ¹)
214 1826 302 1863 Edd.
327 1827 480 1860 Merlini:
513 1828 766 1861 communione.
