1427 2460
206 52 276 90 225
687 46 865 81 Omessms

211 144 270 190 qui
292 151 391 176 natus
415 148 463 174 est
493 150 550 172 rex
575 137 697 179 Israel,
728 146 762 171 et
792 147 968 183 repertum
1001 137 1124 172 oblatis
1154 139 1353 175 muneribus

212 207 452 240 adoraverunt.
500 199 570 234 Sed
594 209 709 233 movet
730 212 804 241 me,
841 201 936 245 quod
962 201 1005 234 de
1027 200 1100 246 ipsa
1124 201 1239 241 stella,
1261 211 1355 246 post-

212 279 356 312 eaquam
395 264 525 298 dictum
561 271 609 295 est
653 263 691 297 in
727 261 932 305 Evangelio,
947 262 982 307 ¹)
1019 262 1098 308 quia
1136 264 1357 308 praecesserit

212 329 333 370 Magos
363 337 473 372 usque
502 323 540 358 in
565 323 764 365 Bethleem,
796 334 828 357 et
857 324 994 357 veniens
1025 324 1114 359 stetit·
1143 338 1264 370 supra,
1295 325 1356 358 ubi

211 404 300 437 puer
325 398 405 429 erat,
429 389 518 422 ultra
542 399 615 419 non
640 385 681 420 sit
705 386 853 426 dictum,
878 386 956 431 quia
979 386 1032 419 vel
1058 386 1244 421 discesserit
1265 387 1357 428 inde,

213 454 266 488 vel
290 449 473 491 evanuerit,
497 449 550 482 vel
572 457 716 482 assumta
740 448 791 488 sit,
817 458 874 482 aut
899 448 1028 494 aliquid
1053 449 1196 482 omnino
1223 450 1265 482 de
1288 449 1357 482 hoc

212 513 360 549 narratio
387 511 578 553 evangelica
603 509 840 552 designaverit:
875 511 935 545 sed
966 511 1033 545 hoc
1066 520 1196 544 tantum
1227 511 1357 550 dixerit,

213 577 292 623 quia
316 575 425 615 venit,
457 583 489 607 et
511 572 628 613 „stetit
643 573 678 617 ²)
704 585 823 617 supra,
847 573 907 606 ubi
932 582 1003 606 erat
1025 575 1146 618 puer.“
1191 574 1244 606 Ne
1267 574 1358 607 forte

213 651 294 682 ergo
324 636 412 672 sicut
441 645 599 681 tempore
629 633 808 680 baptismi,
840 647 918 668 cum
949 634 1137 681 baptizatus
1166 636 1263 669 Jesus
1295 636 1355 669 ad-

213 699 343 735 scendit
367 699 411 731 de
432 697 599 738 Jordane,
623 696 732 742 aperti
755 706 835 730 sunt
859 696 890 729 ei
913 696 1018 737 coeli,
1042 706 1075 730 et
1097 695 1181 730 vidit
1201 697 1356 730 Joannes

215 761 382 809 Spiritum
406 759 475 794 Dei
501 759 765 792 descendentem
790 758 886 803 quasi
909 759 1128 800 columbam,
1160 767 1193 792 et
1214 771 1358 792 manen-

214 834 284 859 tem
315 836 419 868 super
450 835 546 863 eum,
583 830 615 855 et
645 821 774 855 audivit
803 834 922 855 vocem
955 821 1125 854 dicentem
1157 822 1202 854 de
1235 820 1354 853 coelo:
1394 863 1395 866 Ἰ

213 885 344 929 „hic³)
369 894 416 918 est
439 884 530 918 filius
553 896 650 917 meus
675 883 828 924 dilectus,
852 882 889 916 in
914 896 983 928 quo
1007 883 1097 916 bene
1121 882 1359 927 complacui“:

214 950 260 982 ita
284 957 318 982 et
340 947 436 981 stella
460 945 555 985 haec,
578 957 667 990 quae
689 945 781 978 venit
803 958 916 990 supra,
938 943 1000 978 ubi
1025 952 1095 977 erat
1113 956 1222 992 puer,
1236 952 1269 976 et
1291 951 1358 976 ste-

219 1010 277 1051 tit,
309 1010 345 1042 in
372 1008 507 1041 Christo
532 1005 686 1040 similiter
707 1006 912 1051 permansit,
942 1007 1028 1040 sicut
1051 1014 1084 1039 et
1108 1004 1254 1050 Spiritus
1277 1018 1354 1038 san-

216 1081 288 1105 etus
322 1071 359 1104 in
389 1070 501 1114 specie
531 1069 714 1102 columbae
744 1069 872 1102 venisse
903 1068 1047 1108 dicitur,
1083 1076 1116 1101 et
1137 1068 1298 1102 mansisse
1320 1067 1357 1100 in

215 1145 268 1167 eo.
315 1133 361 1166 Et
383 1130 470 1165 sicut
492 1130 620 1164 venisse
643 1129 810 1175 Spiritum
836 1130 902 1163 Dei
933 1142 1035 1174 super
1066 1142 1163 1170 eum,
1199 1138 1232 1163 et
1259 1142 1358 1163 man-

214 1196 293 1230 sisse
314 1194 352 1228 in
375 1206 428 1235 eo,
451 1194 498 1226 ita
523 1191 719 1237 accipimus,
744 1192 841 1236 quod
861 1204 1041 1236 nunquam
1063 1192 1107 1225 ab
1127 1203 1170 1225 eo
1186 1190 1358 1226 recesserit

215 1257 361 1303 Spiritus
375 1254 460 1288 Deir
484 1253 528 1287 ita
542 1253 579 1298 ι)
604 1263 636 1287 et
660 1254 704 1287 de
725 1253 834 1294 stella,
860 1266 948 1299 quae
966 1254 1067 1295 venit,
1091 1263 1123 1288 et
1145 1253 1234 1288 stetit
1255 1265 1358 1299 super

215 1332 313 1360 eum,
336 1316 573 1362 accipiendum
597 1325 702 1360 puto,
733 1316 829 1361 quod
853 1315 900 1349 sic
924 1316 1053 1348 steterit
1073 1328 1178 1361 super
1199 1328 1296 1355 eum,
1315 1324 1357 1349 ‚ut

214 1393 393 1426 nunquam
427 1378 510 1412 inde
539 1386 632 1411 mota
664 1379 716 1411 sit.
764 1377 809 1410 Et
832 1378 913 1411 ideo
938 1376 1069 1410 deitatis
1095 1376 1166 1423 ejus
1189 1376 1355 1410 indicium

212 1442 308 1477 illam
339 1441 472 1475 stellam
503 1438 605 1473 fuisse
639 1439 774 1485 opinor.
832 1439 937 1472 Unde
969 1447 1003 1471 et
1033 1439 1121 1471 ordo
1152 1438 1355 1484 prophetiae

213 1503 298 1537 haec
325 1503 446 1536 eadem
479 1511 726 1546 consequenter
757 1501 925 1541 ostendit,
960 1512 1039 1533 cum
1064 1500 1108 1532 de
1131 1499 1256 1533 deitate
1278 1501 1354 1545 qui-

214 1565 294 1598 dem
318 1563 390 1610 ejus
414 1563 511 1596 dicit:
534 1564 688 1605 „orietur
700 1563 737 1608 ⁵)
760 1564 855 1598 stella
880 1575 919 1596 ex
941 1561 1104 1595 Jacob“:
1138 1561 1182 1594 de
1205 1561 1355 1595 humana

214 1639 295 1661 vero
310 1635 452 1660 natura:
474 1634 529 1665 „et
554 1635 705 1667 exsurget
730 1626 837 1659 homo
863 1637 901 1657 ex
917 1624 1062 1657 Israel“:
1085 1632 1124 1656 ut
1147 1622 1184 1656 in
1205 1632 1356 1668 utroque

215 1699 247 1723 et
268 1688 459 1723 secundum
483 1686 653 1727 deitatem,
676 1697 709 1720 et
732 1688 920 1721 secundum
935 1685 1181 1719 humanitatem
1198 1684 1352 1718 Chn’stus

211 1751 437 1797 prophetatus
461 1748 634 1782 evidenter
657 1758 830 1794 appareat.
878 1746 997 1793 „Et⁶)
1020 1747 1159 1780 vastabit
1182 1746 1355 1792 principes

213 1814 354 1847 Moab.“
386 1811 495 1845 Moab
513 1809 652 1855 quidem
672 1823 751 1853 gens
775 1820 833 1852 est,
858 1810 953 1855 cnjus
976 1808 1148 1854 principes
1171 1821 1244 1842 non
1268 1809 1353 1842 alios

214 1888 297 1914 esse,
330 1887 432 1920 quam
455 1871 645 1918 spirituales
668 1872 852 1917 nequitias,
883 1881 916 1905 et
938 1870 1151 1916 principatus
1174 1870 1270 1911 illos,
1293 1871 1353 1902 ad-

212 1949 347 1970 versum
370 1947 457 1981 quos
480 1933 580 1967 nobis
603 1935 777 1968 luctamen
801 1943 867 1974 est,
897 1931 1125 1975 intelligimus.
1173 1930 1248 1964 Hos
1272 1943 1351 1973 ergo

307 2041 343 2085 Ι)
368 2040 439 2074 cfr.
464 2041 584 2075 Matth.
607 2040 658 2082 11,
681 2041 720 2075 9.1
820 2039 857 2084 2>
882 2038 1003 2072 matth.
1029 2038 1073 2080 11,
1097 2037 1128 2071 9.

307 2097 345 2137 ³)
370 2095 494 2130 Mani.
516 2097 576 2137 111,
601 2097 652 2131 17.

304 2151 342 2195 ⁴)
364 2151 455 2186 Edd.
480 2150 638 2185 Merlini:
663 2151 737 2192 „ita
763 2159 795 2184 et
818 2150 922 2190 stella,
947 2153 1062 2195 quae“
1085 2157 1166 2188 etc.,
1191 2148 1245 2184 ed.
1270 2160 1349 2180 vero

212 2196 336 2231 Ruaei:
361 2205 425 2236 „et
440 2194 491 2229 in
517 2198 560 2230 de
583 2197 689 2237 stella,
713 2199 822 2241 quae“
847 2204 909 2228 etc.

301 2251 339 2296 ⁸)
362 2252 464 2287 Num.
487 2251 616 2291 XXIV,
640 2252 693 2286 17.
818 2250 856 2294 ⁶)
878 2250 980 2284 Num.
1005 2248 1135 2292 XXIV,
1160 2249 1214 2284 17.
