1427 2460
339 79 374 102 m
399 69 576 102 vamnos
601 67 761 101 Homul».
788 68 866 100 XX.
1105 70 1170 104 249

41 161 176 208 pietati,
209 169 240 194 et
263 157 407 198 veritati,
436 166 468 191 et
498 171 576 190 cum
601 156 650 190 his
672 157 705 200 ¹)
733 158 891 191 omnibus
916 172 1003 193 unus
1027 159 1171 193 efficitur

42 223 193 268 spiritus:
226 222 270 254 ita
302 229 333 253 ct
363 219 421 264 qui
450 232 485 252 se
515 218 623 264 jungit
653 219 731 252 huic
765 219 949 260 meretrici,
989 219 1102 267 jungit
1132 235 1168 255 se

42 283 288 330 impudicitiae,
331 280 510 325 impietati,
552 279 735 325 iniquitati,
776 282 974 320 mendacio,
1010 291 1041 314 et
1069 282 1169 316 simul

45 346 203 379 omnibus
237 353 454 390 peecatorum
494 342 606 382 malis,
641 355 718 375 cum
755 342 878 387 quibus
907 356 1014 375 unum
1047 357 1171 389 corpus

44 407 196 441 efficitur.

129 469 160 502 3.
186 468 424 500 Verumtamen
460 465 651 509 „applicuit
665 464 702 508 2)
739 464 840 498 Israel
871 466 906 498 in
938 466 1077 499 Sattin.“
1130 467 1170 500 In

41 529 317 574 interpretatione
346 526 595 561 Hebraicorum
630 526 811 559 nominum
844 527 952 560 Sattin
982 527 1170 562 invenimus

40 589 75 623 in
118 591 231 633 lingua
265 599 380 623 nostra
414 587 688 633 responsionem,
733 589 785 621 vel
818 580 1058 622 refutationem
1093 590 1170 624 dici.

41 652 216 697 Applicuit
247 665 326 695 ergo
351 651 453 684 Israel
477 650 519 682 ad
544 648 818 693 responsionem,
847 650 900 683 vel
923 651 1172 688 refutationem.

40 714 120 746 Non
147 715 234 746 bene
259 711 433 758 applicuit.
479 711 567 744 Vide
592 709 755 755 denique,
781 711 862 756 quid
886 713 1113 758 incurrerim)
1135 713 1170 747 iu

41 775 105 808 hac
141 775 269 819 positus
303 776 488 807 mansione.
547 772 749 805 Fornicatus
788 782 836 806 est
866 786 943 807 cum
973 775 1173 809 mulieribus

41 836 326 876 RIadianitarum,
356 844 389 868 et
417 835 578 867 refutatus
612 842 659 866 est
691 847 710 866 a
733 833 833 867 Deo:
864 835 942 879 quia
965 848 1037 868 non
1060 837 1173 869 solum

41 898 245 938 fornicatus,
275 899 334 931 sed
366 906 397 929 et
425 894 525 929 idolis
554 894 703 937 gentium
729 906 943 930 consecratus
966 906 1028 937 est,
1058 907 1090 930 et
1114 912 1173 931 co-

39 960 147 993 medit
177 973 214 993 ex
245 959 304 1000 iis,
335 971 421 1003 quae
445 958 579 990 fuerant
602 957 702 990 idolis
725 959 914 998 immolata,
949 972 1036 1003 quae
1058 959 1175 1004 utiquc

42 1021 256 1055 exsecrabilia
291 1029 369 1054 sunt
404 1020 496 1064 apud
513 1018 548 1061 4)
577 1019 703 1052 Deum.
759 1019 829 1063 Qui
868 1020 957 1053 enim
993 1034 1174 1055 consensus

41 1083 170 1127 templo
195 1082 262 1116 Dei
291 1096 369 1115 cum
400 1081 527 1116 idolis?
573 1081 698 1113 Verum
724 1093 785 1122 ego
811 1082 910 1114 etiam
936 1083 978 1115 de
1000 1082 1057 1123 iis,
1089 1096 1175 1127 quae

42 1144 230 1188 Apostolus
254 1144 380 1177 Paulus
399 1142 435 1187 5)
460 1144 504 1175 ad
520 1141 716 1175 Corinthios
740 1138 871 1183 scribit,
895 1143 1024 1177 dicens:
1071 1144 1176 1188 ‚‚si⁶)

44 1205 118 1249 quis
152 1214 264 1238 autem
297 1204 417 1237 viderit
448 1203 621 1237 scientiam
645 1203 826 1237 habentem
852 1204 886 1237 in
909 1204 1017 1238 idolio
1042 1218 1175 1239 recum-

43 1268 142 1306 bere,
165 1280 282 1300 nonne
307 1265 510 1299 conscientia
536 1264 622 1310 ejus,
649 1278 725 1297 curn
750 1266 791 1299 sit
812 1266 959 1306 infirma,
983 1267 1177 1301 aedificabi-

42 1336 99 1360 tur
134 1328 176 1360 ad
207 1327 484 1360 manducandum
516 1325 749 1359 immolata?“
794 1327 892 1360 valde
919 1327 1060 1361 miratus
1090 1343 1175 1363 sum.

41 1389 187 1422 Videtur
221 1388 312 1421 enim
342 1401 414 1421 non
445 1396 514 1420 tam
544 1400 617 1419 rem
648 1387 754 1432 ipsam
786 1401 919 1430 gravem
944 1390 1179 1433 pronuntiare,

45 1463 146 1495 quam
176 1449 265 1483 illius
297 1451 479 1489 offensam,
511 1449 568 1494 qui
601 1450 684 1482 haec
708 1449 824 1483 violens
849 1449 949 1483 simili
971 1463 1179 1495 provocatur

44 1512 219 1556 exemplo,
243 1525 321 1545 cum
344 1524 416 1544 non
440 1511 539 1544 simili
562 1510 699 1544 scientia
722 1512 913 1552 muniatur,
935 1512 981 1545 ita
1005 1523 1041 1546 ut
1065 1524 1177 1548 osten-

22 1573 25 1575 ⁴
45 1575 104 1607 dat
127 1587 224 1614 eum,
255 1572 314 1618 qui
345 1574 474 1606 habens
498 1572 671 1606 scientiam
697 1572 866 1606 recumbit
887 1573 923 1606 in
946 1574 1074 1615 idolio,
1105 1590 1177 1609 non

43 1643 112 1668 tam
136 1635 202 1675 sui,
235 1648 336 1680 quam
361 1635 496 1667 alterius
521 1634 635 1667 damni
661 1634 749 1667 effici
773 1647 882 1670 reum.
929 1636 995 1668 Sed
1021 1636 1111 1676 vide,
1134 1651 1178 1670 ne

43 1697 134 1729 forte
156 1709 229 1729 non
253 1697 320 1729 hoc
344 1696 455 1729 solum
477 1695 580 1729 fiebat
603 1696 694 1740 apud
717 1694 924 1735 Corinthios,
948 1706 985 1728 ut
1012 1696 1044 1729 in
1070 1697 1180 1731 idolio

45 1759 294 1797 recumberent,
319 1767 349 1790 et
372 1757 547 1790 immolata
570 1757 670 1790 idolis
690 1758 945 1790 manducarent.
993 1758 1061 1791 Sed
1080 1760 1180 1800 forte,

47 1818 209 1862 quoniam
233 1818 373 1852 studiosi
397 1819 566 1852 literarum
595 1818 802 1851 Graecarum
826 1819 982 1852 homines
1007 1829 1118 1860 crant,
1150 1831 1181 1854 et

48 1889 215 1914 amatores
242 1879 498 1925 philosophiae,
533 1880 699 1914 desiderio
733 1880 844 1913 adhuc
877 1880 1067 1914 studiorum
1091 1891 1181 1915 vete-

140 2023 176 2069 ¹)
199 2025 288 2059 Edd.
313 2025 469 2058 Merlini:
494 2025 541 2059 iis.
635 2024 672 2067 2)
696 2026 798 2058 Num.
824 2025 932 2066 XXV,
959 2028 988 2060 1.

140 2080 178 2124 3)
200 2080 264 2114 Ed.
289 2081 396 2114 Ruaei
420 2082 508 2114 sola:
532 2079 684 2114 incurrit.

139 2135 177 2180 4)
199 2137 266 2170 Ed.
290 2138 397 2170 Ruaei
421 2138 510 2171 sola:
536 2138 578 2170 ad
602 2137 728 2172 Deum.

142 2191 178 2234 ζ’)
203 2192 424 2227 Desideratur
449 2193 619 2234 „Paulus“
643 2195 676 2229 in
704 2194 754 2227 ed.
780 2192 895 2227 Ruaci.

144 2247 180 2292 ὃ)
205 2248 218 2280 1
245 2248 324 2282 cor.
350 2250 443 2291 vm,
467 2250 518 2283 10.
