1427 2460
205 96 252 132 38
690 93 869 127 Oxum-:ms

203 200 312 232 quam
335 183 553 219 rationabiles
579 193 612 218 et
634 184 739 218 sancti
762 182 1028 219 sacerdotalibus
1064 181 1185 216 officiis
1208 183 1350 228 depute-

208 263 297 282 mur.
352 247 444 280 Gens
463 247 497 290 ¹)
530 245 620 279 enim
655 256 790 288 sancta,
828 247 939 289 regale
969 245 1197 279 sacerdotium
1225 258 1350 285 sumus,

211 320 243 344 et
265 310 417 355 populus
445 308 530 352 in2)
556 307 838 353 acquisitionem,
860 317 991 342 tantum
1015 318 1054 341 ut
1076 316 1249 353 acceptam
1273 319 1352 350 gra-

207 373 289 405 tiam
314 372 400 404 vitae
422 369 551 403 meritis
574 379 802 414 exsequentes,
826 369 918 412 digni
935 371 1122 403 habeamur
1143 378 1260 403 sancto
1285 367 1350 401 mi-

208 432 365 467 nisterio:
396 442 454 473 ut,
483 445 561 466 cum
587 431 838 465 discesserimus
871 433 914 465 de
944 432 1008 465 hac
1038 431 1123 472 vita,
1157 443 1350 464 mereamur

210 494 354 536 assumi,
378 504 415 527 ut
438 507 540 539 supra
566 493 730 536 diximus,
755 493 845 533 inter
867 493 1056 526 sacerdotes
1081 492 1165 533 Dei,
1191 501 1223 525 et
1245 491 1349 525 mini·
1380 529 1385 535 ¹

209 565 352 590 strantes
378 569 473 589 arcae
496 557 703 597 testamenti,
732 555 768 588 in
800 554 930 588 arcanis
959 554 1084 587 scilieet
1107 563 1140 587 et
1163 552 1349 587 reconditis

209 617 390 664 mysteriis,
426 619 571 651 revelata
595 617 679 651 facie
703 616 844 659 gloriam
870 615 1015 649 Domini
1047 616 1280 660 speculemur,
1317 623 1350 648 et

209 679 442 729 ingrediamur
478 689 603 713 terram
643 689 810 719 sanctam,
852 676 948 723 cujus
987 677 1209 711 hereditatem
1248 677 1348 710 nobis

210 742 392 786 praestabit
414 741 586 776 Dominus
616 749 734 774 noster
764 741 862 773 Jesus
888 738 1056 779 Christus,
1090 738 1145 773 cui
1169 747 1217 774 est
1240 738 1348 780 gloriis

212 813 244 837 et
266 803 449 850 imperium
474 804 508 837 in
532 803 665 837 saecula
689 803 914 839 saeculorum.
961 802 1084 834 Amen.

496 1043 943 1084 HOMILIA
1009 1041 1058 1081 V.

233 1143 289 1176 De
313 1155 373 1183 eo,
406 1143 500 1187 quod
524 1141 687 1186 scriptum
721 1149 786 1173 est:
821 1138 997 1182 ‚,nolite³)
1031 1137 1254 1172 exterminare
1284 1140 1328 1173 de

531 1203 623 1237 tribu
646 1216 705 1237 sua
728 1202 866 1248 plebem
891 1199 1033 1234 Caath.⁴‘

303 1296 333 1329 1.
357 1295 536 1340 Responsa
560 1294 645 1327 dans
669 1292 843 1326 Dominus
867 1293 912 1325 ad
935 1291 1059 1324 Mosen
1084 1300 1116 1324 et
1142 1291 1275 1332 Aaron,
1300 1289 1352 1324 di-

211 1357 273 1390 cit:
296 1355 471 1401 „nolite⁴)
496 1355 718 1388 exterminare
742 1354 785 1386 de
807 1354 899 1387 tribu
922 1367 983 1386 sua
1013 1353 1151 1397 plebem
1177 1351 1284 1385 Caath
1309 1352 1352 1384 de

210 1418 327 1452 medio
351 1417 502 1450 filiorum
525 1416 620 1459 Levi3
642 1417 702 1449 sed
726 1416 793 1448 hoc
815 1414 915 1447 facite
938 1413 997 1454 iis,
1021 1423 1054 1447 et
1076 1414 1196 1453 vivent,
1222 1421 1255 1446 et
1277 1426 1352 1446 non

210 1479 412 1519 morientur,
437 1491 514 1511 cum
530 1478 693 1511 accedent
716 1478 760 1510 ad
783 1485 898 1509 sancta
913 1479 1142 1516 sanctorum,“
1167 1473 1350 1518 etreliqua.

211 1540 329 1573 Primo
353 1540 578 1582 intelligamus
603 1552 652 1580 ea,
677 1551 764 1584 quae
787 1537 1122 1571 secundumliteram
1147 1537 1352 1575 referuntur,

213 1611 247 1635 et
269 1602 314 1635 ita
339 1611 529 1646 praestante
553 1599 730 1639 Domino,
755 1600 797 1633 ab
822 1599 998 1632 intellectu
1023 1599 1142 1632 literae
1165 1598 1353 1630 adscende-

210 1677 286 1697 mus
317 1665 360 1696 ad
390 1662 646 1704 intelligentiam
677 1660 896 1706 spiritualem.
958 1660 1114 1702 Intellige
1145 1671 1224 1701 ergo
1257 1657 1352 1702 prius

210 1727 319 1771 ipsam
353 1724 616 1766 collocationem
646 1722 857 1755 tabernaculi
888 1720 1094 1762 testimonii,
1136 1720 1287 1762 intellige
1321 1728 1354 1752 et

211 1796 326 1821 sancta
350 1796 562 1824 sanctorum,
599 1797 685 1829 quae
718 1783 896 1829 interjecto
922 1796 940 1816 a
965 1782 1086 1815 sanctis
1110 1780 1276 1815 velamine
1301 1781 1354 1815 di·

211 1848 393 1887 rimuntur,
417 1860 503 1892 quae
525 1847 645 1891 inspici
668 1859 740 1879 nou
763 1845 843 1878 licet
867 1845 909 1878 ab
934 1845 1006 1877 ullo
1031 1843 1223 1883 hominum,
1245 1842 1309 1876 nisi
1333 1855 1353 1876 a

213 1908 444 1943 sacerdotibus
467 1908 558 1942 solis.
603 1908 686 1941 Post
701 1908 784 1940 haec
797 1906 958 1947 intellige,
983 1905 1163 1950 quomodo
1188 1903 1248 1938 ubi
1272 1916 1352 1937 ven-

212 1980 285 2004 tum
307 1969 426 2011 suerit,
456 1979 493 2002 ut
518 1979 623 2004 castra
647 1977 807 2003 moveant
838 1967 898 2001 filii
922 1967 1041 2008 Israel,
1074 1966 1215 1999 solvitur
1239 1966 1352 1998 taber-

213 2033 394 2072 naculum,
426 2040 458 2064 et
489 2033 607 2070 Aaron
640 2045 679 2065 ae
710 2030 771 2065 filii
803 2028 874 2076 ejus
904 2029 1096 2063 sacerdotes
1126 2026 1216 2061 intra
1238 2035 1352 2062 sancta

312 2171 347 2214 ¹)
373 2170 443 2204 Csr.
468 2171 483 2203 1
510 2170 597 2204 Petr.
626 2171 666 2210 ll,
690 2171 720 2204 9.

308 2228 347 2270 2>
370 2227 459 2260 Edd.
485 2226 643 2260 Merlini:
669 2226 704 2260 in
730 2226 959 2271 acquisitione.

308 2283 344 2327 3)
367 2284 469 2317 Num.
495 2282 552 2322 IV,
579 2285 628 2318 18.
727 2282 764 2326 ⁴)
788 2283 889 2317 Num.
916 2282 974 2324 IV,
1001 2280 1052 2316 18.
1080 2280 1131 2315 19.
