1427 2460
406 69 444 94 m
468 58 646 93 Nummos
670 57 832 92 HoMmA
862 57 917 91 VI.
1186 58 1231 93 47

96 150 196 185 sterio
221 148 488 190 absconditam,
510 162 613 194 quam
636 161 738 182 nemo
763 148 960 194 principum
985 147 1085 194 hujus
1108 147 1230 180 mundi

97 211 286 254 cognovstf‘
331 210 434 245 Vides
458 213 638 256 quomodo
661 210 751 245 intus
777 219 835 251 est,
858 219 890 243 et
907 209 1038 244 interna
1055 218 1156 253 atque
1177 222 1230 241 ar-

82 287 181 308 .cana
205 273 338 307 divinae
359 272 542 318 sapientiae
564 282 721 318 penetrat
747 272 884 313 Paulus,
911 285 989 305 cum
1012 272 1095 304 haec
1117 269 1230 315 loqui-

95 345 160 370 tur.
208 335 296 368 Cum
321 344 432 369 autem
457 335 615 379 procedit
639 336 682 368 ad
705 335 887 380 populum,
911 334 991 367 audi
1008 332 1091 378 quid
1113 326 1228 377 loqui-

94 406 167 430 tur:
191 397 324 437 „omnis
344 397 377 441 ι)
400 410 513 430 sermo
528 398 638 430 malus
659 399 702 431 de
717 410 777 430 ore
795 407 904 430 vestro
930 409 1003 429 non
1026 395 1192 440 procedat
1201 397 1231 426 :“

96 467 144 492 et:
166 458 247 503 „qui
263 458 299 503 2)
322 459 519 501 furabatur,
550 457 618 504 jam
642 472 716 492 nou
739 460 910 492 furetur:“
942 467 990 490 et:
1025 455 1228 500 „unusquis-

78 533 161 565 „que
174 520 211 564 3)
236 520 286 554 vir
301 534 443 554 uxorem
457 535 552 554 suam
576 522 741 554 habeat:“
766 530 815 553 et:
838 520 1073 564 unusquisque
1084 517 1121 562 4)
1145 530 1228 562 pro-

92 581 220 615 ximum
243 596 343 616 suum
367 583 452 616 sicut
474 596 509 616 se
534 583 646 628 ipsum
670 582 822 624 diligat:“
856 590 904 615 et:
928 592 1176 626 „unaquaeque
1191 579 1227 623 5)

93 643 217 677 mulier
240 644 350 678 virum
373 658 472 679 suum
496 644 651 678 habeat.“
696 645 791 677 Haec
823 652 855 676 ct
887 642 914 676 si
939 655 1005 687 qua
1029 640 1226 688 hujusmodi

93 715 189 746 sunt,
219 705 347 739 Paulus
376 707 565 740 secundum
596 705 704 740 RIosis
734 706 882 739 sormam
905 705 999 738 foras
1024 703 1153 744 exiens,
1182 703 1225 736 ad

92 768 263 811 populum
286 767 449 813 loquitur.

180 829 212 862 2.
237 829 306 862 Sed
338 829 510 864 videamus
542 839 574 864 ct
611 829 704 864 aliud
737 838 857 875 caput,
894 828 930 861 in
964 841 1033 873 quo
1070 827 1226 865 refertur,

92 891 187 934 quod
211 891 420 936 septuaginta
451 892 538 926 viros
570 893 706 935 elegerit
730 892 845 925 Moses
879 904 917 925 ex
947 888 1137 924 senioribus
1159 902 1225 934 po-

90 952 175 996 puli,
199 961 231 985 et
253 953 411 987 habuerit
435 968 492 988 eos
518 964 596 988 ante
615 955 874 988 tabernaculum
897 949 1100 991 testimonii,
1126 959 1159 983 et
1183 951 1226 983 de

90 1013 212 1059 spiritu
234 1015 341 1049 Mosis
372 1015 540 1061 accipiens
563 1017 659 1050 Deus
691 1017 823 1050 dederit
848 1014 1058 1061 septuaginta
1081 1012 1225 1060 seniori-

92 1075 174 1116 bus,
206 1075 286 1122 etss)
321 1091 421 1118 „cum
446 1078 679 1123 requievisset,
713 1079 841 1124 inquit,
871 1090 974 1122 super
997 1088 1054 1109 eos
1078 1074 1226 1120 spiritus,

89 1138 382 1183 prophetaverunt
407 1143 557 1174 omnes.“
615 1141 724 1184 Quod
749 1140 846 1180 dixit,
883 1138 961 1183 quia
987 1150 1158 1171 assumens
1182 1137 1225 1169 de

92 1199 212 1242 spiritu
236 1199 362 1241 Musis,
393 1201 486 1234 dedit
508 1203 718 1246 septuaginta
741 1201 932 1236 senioribus
954 1199 1129 1244 spiritum,
1151 1211 1225 1231 non

91 1261 138 1294 ita
161 1261 343 1303 intelligas,
380 1263 475 1307 quasi
506 1263 716 1297 materialem
750 1262 918 1308 aliquam,
951 1271 1225 1305 corporeamque

89 1323 308 1356 'substantiam
333 1326 487 1357 auferens
511 1325 606 1359 Deus
637 1339 655 1359 a
679 1326 780 1358 BIose
811 1325 846 1358 in
877 1321 1087 1368 septuaginta
1109 1333 1226 1354 secue-

90 1383 133 1417 rit
155 1384 341 1429 portiones,
365 1395 398 1419 et
420 1387 465 1419 ita
489 1386 675 1431 unicuique
697 1386 872 1420 seniorum
896 1385 1047 1427 exiguam
1071 1382 1223 1427 particu-

89 1445 158 1478 lam
183 1446 324 1481 dederit.
371 1447 520 1492 Impium
546 1459 594 1482 est
615 1448 661 1482 ita
683 1448 870 1490 intelligere
892 1455 1051 1480 naturam
1076 1443 1224 1489 Spiritus

89 1507 206 1540 sancti.
261 1509 331 1542 Sed
361 1509 428 1542 hoc
460 1512 567 1544 modo
601 1512 743 1554 figuram
773 1509 903 1557 mystici
934 1507 1035 1554 hujus
1058 1506 1223 1540 sermonis

89 1570 242 1610 adverte,
267 1572 363 1616 quasi
387 1571 517 1613 Moses,
543 1583 575 1606 et
598 1573 750 1617 spiritus,
776 1573 834 1618 qui
858 1583 929 1606 erat
952 1571 988 1604 in
1010 1569 1130 1608 Mose,
1153 1569 1222 1601 ⁰1³¹·

89 1630 210 1665 rissimi
234 1631 409 1678 cujusdam
433 1634 572 1668 luminis
595 1634 699 1668 suerit
720 1636 871 1676 lucerna,
895 1648 933 1668 ex
957 1649 1024 1680 qua
1048 1636 1131 1687 alini
1145 1649 1222 1680 sep-

87 1692 235 1734 tuaginta
259 1693 416 1728 lucernas
441 1696 634 1730 accenderit
656 1697 760 1738 Deus,
785 1698 828 1731 ad
854 1710 935 1743 quas
957 1697 1001 1732 ita
1024 1696 1222 1743 principalis

88 1753 179 1787 illius
202 1754 340 1790 luminis
363 1758 529 1801 splendor
551 1760 763 1803 pervenerit,
791 1769 829 1793 ut
860 1760 955 1803 origo
987 1760 1058 1806 ipsa
1082 1758 1221 1793 luminis

86 1813 172 1848 nihil
196 1815 312 1849 damni
336 1830 374 1850 ex
398 1821 606 1854 commercio
633 1821 849 1857 derivationis
874 1822 1050 1867 acceperit.
1085 1821 1130 1854 Et
1153 1821 1221 1854 hoc

86 1877 194 1910 modo
217 1876 274 1922 pie
292 1879 500 1922 intelligitur,
523 1883 618 1926 quod
633 1884 798 1927 scriptum
823 1893 886 1917 est:
911 1884 1011 1929 „quia
1023 1882 1058 1927 7)
1084 1883 1222 1916 abstulit

86 1938 261 1973 Dominus
278 1941 320 1973 de
333 1940 452 1985 spiritu
468 1942 585 1984 Musis,
609 1953 642 1977 et
665 1945 760 1978 dedit
774 1945 985 1990 septuaginta
997 1944 1220 1981 seniorihuS·“

181 2079 216 2124 ¹)
240 2079 365 2125 Ephes.
388 2080 446 2123 IV,
471 2082 523 2118 29.
619 2083 656 2129 2)
680 2085 804 2130 Ephes.
829 2086 886 2127 lv,
909 2086 963 2121 28.

175 2134 214 2178 3)
239 2135 254 2167 Ι
280 2135 360 2170 Cor.
385 2137 460 2178 VH,
482 2139 514 2173 2.
610 2139 647 2184 4)
673 2140 743 2173 Cfr.
769 2142 893 2187 Ephes.
918 2144 959 2186 V,
983 2144 1037 2179 33.
1162 2172 1166 2175 .

175 2190 212 2234 ⁵)
235 2191 252 2223 I
278 2191 358 2226 Cor.
383 2194 458 2235 Vll,
481 2196 513 2230 2.
540 2216 580 2223 -
604 2196 694 2230 Edd.
720 2196 874 2232 Merlini:
897 2213 998 2235 suum
1021 2200 1141 2235 virum,

175 2247 214 2292 ⁶)
237 2248 339 2284 Num.
363 2250 424 2292 XI,
446 2252 500 2287 25.
595 2252 633 2298 9)
656 2254 759 2290 Num.
785 2255 844 2298 XI,
868 2256 921 2293 25.
