1427 2460
208 87 254 124 66
689 86 868 121 Omssnms

213 188 245 212 et
268 179 352 212 haee
376 178 476 211 verba
500 185 616 211 nostra
640 189 806 211 recusare.
854 175 891 210 Si
915 188 995 209 vero
1020 174 1129 209 verbis
1144 175 1244 209 Pauli
1266 176 1351 211 fides

214 240 407 274 adhibenda
433 248 494 278 est,
518 238 605 272 sicut
632 247 664 271 et
688 248 777 272 certe
801 238 996 272 adhibenda
1021 247 1082 278 est,
1107 247 1140 270 et
1161 233 1352 271 Jerusalem

214 303 396 335 coelestem
424 313 494 334 esse
517 300 686 333 credimus
705 301 748 333 ad
771 309 890 346 typum
905 309 1060 332 terrenae
1074 297 1186 345 hujus,
1210 309 1244 333 et
1266 313 1354 345 quae

213 363 334 407 scripta
359 362 516 394 videntur
540 362 582 394 de
606 362 668 394 hac
690 370 833 400 terrena,
856 361 901 394 ad
915 362 1008 394 illam
1025 361 1205 394 coelestem
1230 361 1353 394 rectius

213 423 381 468 spirituali
402 422 621 465 intelligentia
648 423 871 455 conferemus.
918 423 1127 456 Accessimus
1152 436 1245 465 ergo,
1266 422 1354 457 sicut

215 486 340 519 Paulus
364 485 464 524 dicit,
494 486 537 517 ad
569 485 748 516 coelestem
777 482 984 524 Jerusalem,
1017 484 1088 518 sine
1121 484 1228 517 dubio
1255 493 1288 517 et
1309 484 1353 517 ad

216 547 397 581 coelestem
420 546 606 579 Judaeam:
639 554 670 578 et
699 545 785 578 sicut
816 545 867 577 illi
891 546 934 578 de
956 545 1104 579 terrestri
1127 546 1260 579 Judaea
1283 545 1352 591 eje-

215 618 333 642 cerunt
357 607 592 646 chananaeos,
617 617 647 640 et
670 607 894 647 Pherezaeos,
919 617 950 640 et
972 607 1114 647 Evaeos‚
1139 607 1353 652 reliquasque

215 680 346 712 gentes:
369 669 413 703 ita
441 678 473 702 et
496 682 559 702 nos
583 670 640 713 qui
672 668 869 702 accessimus
901 670 943 701 ad
972 678 1126 702 montem
1150 669 1228 709 Dei,
1255 678 1286 702 et
1309 669 1354 701 ad

215 746 317 775 regna
348 731 515 770 coelestia,
538 743 673 763 necesse
699 739 747 762 est
776 739 814 762 ut
838 731 1046 764 debellemus
1079 730 1263 764 contrarias
1286 743 1352 775 po-

214 803 355 833 testates,
381 803 412 826 et
434 791 621 837 spiritualia
645 791 815 836 nequitiae
840 792 875 825 in
901 792 1119 826 coelestibus:
1142 802 1175 826 et
1196 792 1283 826 sicut
1305 793 1356 826 illi

214 855 386 901 ejecerunt
410 855 615 888 Jebusaeum
643 855 684 886 de
707 854 914 892 Jerusalem,
946 862 978 886 et
1008 866 1094 898 quae
1127 854 1221 899 prius
1246 855 1353 887 Jebus

214 927 331 950 vocata
356 918 474 955 fuerat,
499 916 720 959 postmodum
746 915 915 960 appellata
945 923 992 948 est
1015 915 1221 948 Jerusalem:
1254 915 1300 949 ita
1323 924 1355 948 et

214 993 276 1012 nos
302 988 449 1023 oportet,
473 986 511 1009 ut
535 977 580 1009 ita
605 977 733 1020 dicam,
766 977 932 1021 expellere
962 976 1056 1021 plius
1079 977 1287 1010 Jebusaeum
1312 978 1356 1009 de

215 1040 416 1079 Jerusalem,
440 1048 472 1071 et
496 1039 542 1072 sic
567 1038 787 1072 hereditatem
812 1037 882 1083 ejus
899 1038 1071 1082 consequi.
1112 1037 1181 1071 Sed
1204 1037 1254 1071 illi
1277 1038 1353 1082 qui-

215 1104 293 1136 dem
316 1102 400 1134 haec
422 1100 593 1134 faciebant
616 1101 718 1133 armis
742 1099 945 1139 visibilibus,
977 1112 1040 1132 nos
1072 1112 1152 1132 vero
1178 1098 1353 1133 invisibili-

215 1164 290 1196 bus.
336 1161 389 1195 Illi
412 1161 593 1194 vincebant
618 1161 856 1205 corporalibus
879 1160 1036 1206 proeliis,
1058 1173 1121 1194 nos
1149 1170 1261 1194 autem
1285 1159 1353 1205 spi-

214 1223 327 1258 rituali
351 1222 534 1256 certamine
558 1236 767 1268 superamus.

304 1286 336 1320 6.
361 1284 467 1328 Quod
492 1284 519 1317 si
544 1283 591 1317 vis
615 1283 744 1324 audire,
768 1284 909 1325 Paulus,
933 1283 990 1328 qui
1015 1297 1086 1317 non
1110 1285 1224 1318 solum
1247 1283 1354 1327 magi-

213 1356 282 1380 ster
304 1346 466 1389 gentium,
488 1346 547 1378 sed
572 1355 602 1377 et
625 1345 764 1378 militiae
788 1344 888 1391 hujus
910 1345 1066 1389 magister
1089 1355 1147 1384 est,
1172 1346 1351 1390 quomodo

212 1407 412 1453 pugnaverit
433 1406 540 1451 prior,
565 1406 644 1439 audi
669 1407 751 1451 quid
774 1405 846 1451 ipse
870 1407 912 1439 de
931 1420 966 1440 se
985 1406 1120 1446 scribat,
1141 1408 1228 1440 sicut
1251 1406 1353 1440 etiam

215 1479 247 1503 et
269 1482 369 1514 supra
396 1467 666 1501 memoravimus.
715 1468 815 1506 „Non
832 1467 865 1511 ¹)
890 1477 946 1507 est,
970 1467 1090 1512 inquit,
1115 1468 1215 1502 nobis
1239 1469 1349 1502 collu-

213 1532 313 1564 ctatio
335 1529 511 1563 adversum
537 1541 673 1561 carnem
700 1538 731 1561 et
747 1529 959 1571 sanguinem:
986 1530 1044 1562 sed
1061 1530 1238 1563 adversum
1256 1529 1352 1575 prin-

214 1592 343 1637 cipatus
367 1601 399 1624 et
422 1599 612 1636 potestates,
636 1590 795 1623 adversus
816 1600 964 1624 rectores
978 1591 1100 1625 mundi
1123 1590 1233 1637 hujus,
1256 1600 1351 1624 tene-

213 1655 351 1686 brarum
377 1654 514 1691 harum,
548 1653 704 1686 adversus
735 1651 919 1696 spiritualia
942 1652 1112 1697 nequitiae
1137 1652 1173 1685 in
1197 1652 1352 1685 coelesti-

212 1715 309 1748 bus.“
353 1714 538 1762 Propterea
562 1712 641 1756 et2)
665 1713 754 1746 hanc
774 1726 923 1757 pugnam
941 1713 1150 1758 spiritualem
1174 1723 1276 1759 atque
1298 1713 1353 1747 in·-
1390 1727 1405 1763 ¹,

212 1775 376 1810 visibilem
400 1775 615 1819 pugnaturis,
647 1774 835 1818 spiritualia
867 1787 981 1815 arma,
1011 1783 1044 1807 et
1079 1775 1259 1809 invisibilia
1282 1775 1350 1809 tela

214 1836 402 1882 componit,
427 1845 459 1869 et
484 1836 582 1869 dicit:
606 1834 805 1878 „induite³)
829 1849 889 1870 vos
913 1836 1055 1870 loricam
1083 1837 1295 1881 caritatis,⁴²)
1319 1846 1351 1871 et

213 1899 340 1940 galeam
364 1897 495 1937 salutis,
533 1906 565 1930 et
591 1893 755 1930 adsumite
778 1906 911 1931 scutum
936 1897 1033 1938 fidei,
1062 1897 1099 1930 in
1123 1911 1193 1943 quo
1216 1899 1350 1944 possitis

307 2021 341 2062 Ι)
364 2021 487 2064 Ephe-⁵.
514 2020 568 2058 Vl,
594 2020 645 2053 12.

305 2076 340 2116 ²)
370 2075 456 2108 Edd.
475 2075 611 2108 Merlini
629 2087 828 2119 perperam:
853 2076 895 2107 de
910 2075 999 2108 hanc
1013 2093 1057 2100 -
1072 2075 1270 2120 pugnaturis
1285 2086 1345 2110 etc.
1392 2082 1397 2089 “

302 2130 338 2172 ³)
365 2130 434 2163 Cfr.
460 2130 582 2173 Eplxes.
610 2130 668 2169 VI,
690 2131 743 2164 14.
770 2131 822 2166 15.
847 2131 897 2163 17.
922 2131 1090 2164 16.—17.

303 2185 339 2228 ⁴)
365 2185 451 2217 Cod.
486 2187 590 2218 sancti
621 2185 850 2220 Theodorici:
881 2185 1090 2224 „castitatis.⁶‘
1121 2185 1161 2219 R.
1194 2208 1239 2216 —
1273 2186 1343 2220 Cfr.

208 2233 275 2266 loe„
299 2232 390 2263 laud.
415 2243 495 2262 vers.
524 2232 584 2269 15„
611 2244 647 2263 ex
673 2246 741 2275 quo
768 2239 918 2275 apparet,
942 2230 1126 2265 lectionem
1151 2229 1252 2277 hujus
1274 2231 1344 2265 Co·-

208 2276 291 2309 dicis
315 2286 469 2320 receptae
493 2289 561 2309 esse
586 2278 853 2321 praeferendam.
