1427 2460
360 111 397 135 m
420 101 598 134 Nummos
622 100 782 134 HOMJLtA
797 101 959 136 XXVIII.
1159 104 1226 138 365

96 202 145 226 tas
168 191 262 225 nulla
288 190 510 224 remanserit?
539 190 684 233 Prosugi
706 204 855 237 namque
875 193 918 225 ab
944 204 998 233 ea,
1023 201 1055 225 et
1079 203 1226 228 extorres

95 254 256 294 exsulant,
279 260 312 285 et
334 252 430 292 fines,
462 265 534 285 non
561 265 648 297 quos
673 253 724 286 lex
749 253 860 287 divina
883 253 1005 294 statuit,
1028 268 1120 288 nunc
1144 271 1226 302 pos-

71 315 238 348 ‘sidentes
262 313 474 353 custodiunt,
503 314 562 346 sed
594 327 679 358 quos
703 314 869 347 victorum
901 313 976 360 jura
1008 319 1225 352 mandarunt.

97 375 210 420 Quid,
238 375 395 419 inquam,
419 388 482 408 nos
508 375 686 417 faciemus,
717 376 775 421 qui
798 377 880 410 haec
904 377 938 410 in
973 379 1110 412 ccclesia
1142 381 1225 422 legi-

94 437 193 471 mus?
216 437 254 469 Si
278 439 464 470 secuudum
488 436 701 471 Judaeorum
724 452 858 471 sensum
872 439 1029 480 legamus,
1052 442 1224 485 superflua

93 499 194 532 nobis
217 500 372 543 profecto
398 498 602 532 videbuntur
626 508 658 531 et
680 499 803 532 inania.
828 500 896 533 Sed
925 509 956 532 et
981 513 1053 543 ego,
1077 502 1221 546 quilego

93 561 136 593 de
160 559 321 604 sapientia
348 560 528 605 scriptum:
553 560 626 600 „exi
641 561 674 604 ¹)
698 570 775 605 post
798 574 872 594 eam
897 561 984 595 sicut
1009 563 1224 606 vestigator:“

93 623 174 655 volo
199 621 287 654 exire
310 630 389 666 post
413 631 511 661 eam,'
531 631 562 654 et
588 621 666 667 quia
690 622 725 656 in
751 623 850 656 rebus
885 636 958 656 eam
987 625 1223 668 corporalibus

91 697 164 716 non
188 683 337 723 invenio,
359 683 490 728 insequi
515 683 583 729 ejus
608 683 736 726 vestigia
751 683 864 728 cupio,
889 692 921 717 et
932 684 1139 727 investigare,
1154 701 1222 732 quo

95 754 157 785 eat,
184 758 222 778 ac
246 744 369 784 videre,
392 744 580 777 intellectus
602 745 743 788 meus²)
768 745 811 777 ad
826 758 911 789 quae
927 758 982 778 me
1006 747 1130 780 cubilia
1144 761 1224 792 per-

94 807 215 840 trahat.
252 806 342 839 Puto
370 805 470 845 enim,
495 806 590 850 quod
614 806 640 838 si
656 805 834 846 diligenter
857 818 930 839 eam
954 807 1048 851 sequi
1065 818 1224 852 potuero,

93 877 126 901 et
148 867 345 909 investigare
368 858 435 900 via&
460 865 548 911 ejus,
579 867 674 899 dabit
704 866 786 899 mihi
811 866 938 911 aliquas
964 870 1158 904 occasiones
1185 884 1223 905 ex

94 929 288 974 Scripturis‚
313 929 491 973 quomodo
517 927 616 960 etiam
631 927 674 959 de
687 927 736 961 his
749 927 832 962 locis
847 929 1014 974 explicare
1029 932 1224 973 debeamus,

91 991 119 1025 si
144 990 311 1024 credimus
334 989 390 1030 iis,
423 1002 509 1034 quae
531 988 658 1022 Paulus
683 989 718 1022 in
741 989 898 1036 mysterio
924 990 1095 1035 loquitur,
1126 996 1222 1038 quod

93 1052 152 1098 qui
168 1066 231 1098 per
246 1052 352 1095 legem
368 1050 570 1090 deserviunt,
594 1052 758 1090 „umbrae
771 1050 809 1096 δ)
834 1060 866 1083 et
878 1051 1014 1092 imagini
1031 1054 1223 1089 deserviunt

94 1114 322 1147 coelestiumf·
368 1113 413 1146 Et
436 1112 462 1146 si
484 1112 671 1145 secundum
702 1111 806 1157 ipsius
836 1111 1060 1147 nihilominus
1089 1126 1222 1150 senten-

93 1176 172 1209 tiam
202 1176 253 1208 lex
267 1173 321 1220 ⁴),
353 1174 447 1219 cujus
480 1187 556 1218 pars
588 1182 635 1207 est
665 1173 747 1206 haec
779 1173 901 1213 lectio,
933 1187 1033 1218 quam
1059 1176 1221 1213 habemus

91 1237 126 1269 in
150 1236 324 1275 manibus,
355 1236 512 1268 umbram
545 1235 647 1267 habet
670 1236 863 1268 futurorum
888 1236 1078 1276 bonorum,
1103 1251 1223 1272 conse-

93 1311 198 1343 quens
221 1297 352 1330 videtur
377 1307 407 1330 et
430 1297 664 1336 necessarium,
689 1297 817 1337 omnia,
841 1309 927 1341 quae
951 1299 1043 1340 quasi
1064 1299 1106 1331 de
1121 1301 1222 1334 rebus

91 1360 233 1393 terrenis
258 1358 498 1392 describuntur
521 1358 556 1390 in
576 1358 658 1402 lege,
685 1359 823 1392 umbras
847 1371 915 1392 esse
938 1359 1133 1393 futurorum
1158 1362 1223 1394 bo-

91 1435 228 1460 norum,
254 1419 431 1464 omnisque
456 1420 642 1452 haereditas
667 1429 775 1452 terrae
798 1419 898 1459 illius,
923 1433 1009 1464 quae
1032 1421 1067 1453 in
1089 1421 1222 1457 ‚Iudaea

92 1491 180 1516 terra
204 1490 318 1515 saneta
343 1490 374 1513 et
397 1489 485 1514 terra
509 1481 602 1514 bona
627 1481 830 1526 appellatur,
855 1482 967 1522 imago
994 1482 1035 1515 sit
1047 1483 1221 1518 bonorum

92 1544 306 1577 coelestium:
331 1555 478 1588 quorum
503 1542 597 1582 haec,
620 1552 659 1575 ut
682 1542 834 1582 diximus,
860 1555 947 1587 quae
970 1542 1005 1575 in
1022 1545 1118 1578 terris
1131 1546 1222 1579 bona

93 1613 337 1644 memorantur,
359 1605 516 1636 umbram
543 1613 644 1648 atque
666 1603 848 1646 imaginem
873 1612 1018 1638 teneant.

182 1668 214 1700 2.
239 1665 309 1698 Sed
332 1674 369 1697 ut
392 1666 570 1709 paululum
596 1675 627 1698 et
650 1678 745 1697 meus
776 1678 905 1707 sermo,
931 1675 962 1698 et
985 1677 1090 1700 vestra
1123 1668 1223 1702 intel-

93 1727 227 1770 ligentia
252 1726 462 1766 sublimetur,
485 1735 587 1771 atque
611 1726 795 1768 ingressum
820 1727 990 1770 quendam
1006 1729 1048 1761 ad
1064 1742 1111 1769 ea,
1135 1743 1222 1775 quae

95 1790 249 1829 dicimus,
274 1789 476 1822 advertenda
503 1788 682 1832 concipiat,
705 1797 841 1820 utamur
865 1788 977 1833 aliqua
993 1789 1221 1825 similitudine.

94 1852 206 1885 Nemo
232 1849 373 1889 dubitat,
399 1851 493 1894 quod
518 1849 552 1883 in
573 1859 661 1882 terra
686 1850 815 1883 Judaea
841 1849 950 1883 omnis
974 1851 1080 1891 locus,
1112 1853 1222 1887 omnis

95 1926 214 1952 mons,
238 1912 349 1945 omnis
373 1911 485 1944 civitas
512 1921 543 1944 et
568 1910 675 1950 vicus,
710 1909 805 1943 certis
830 1910 1020 1956 quibusque
1050 1915 1223 1947 vocabulis

94 1973 302 2016 designetur:
326 1985 388 2006 nec
413 1982 460 2006 est
482 1971 571 2006 ullus
603 1972 744 2006 omnino
776 1972 848 2006 sine
870 1972 1012 2007 nomine
1034 1975 1142 2016 locus,
1163 1977 1223 2010 sed

187 2157 223 2203 ¹)
247 2158 327 2202 Sap.
352 2156 457 2192 Sirac.
482 2157 573 2199 XIV,
597 2158 650 2192 22.
674 2157 937 2202 (Ecclesiastic.)

184 2214 222 2257 ²)
245 2213 334 2250 Edd.
360 2214 515 2249 Merlini:
539 2227 644 2249 meos,

183 2270 222 2315 ³)
248 2271 352 2304 Hebr.
380 2271 469 2311 VIH,
493 2273 523 2306 5.
620 2266 657 2313 4)
682 2268 751 2329 Cfr.
776 2268 882 2302 Hebr.
908 2268 954 2310 X,
978 2271 1006 2305 1.
