1427 2460
310 92 345 115 m
370 83 549 114 Numfflzos
574 79 735 113 Homum
756 80 884 112 XXVI.
1097 81 1162 115 331

30 173 97 206 lus:
122 173 193 213 „ita
208 173 243 215 ¹)
267 171 423 205 insensati
448 169 534 212 estis,
559 178 606 209 ut,
631 183 708 202 cum
724 169 844 214 spiritu
859 168 1046 214 coeperitis,
1071 183 1163 202 nunc

30 247 129 267 carne
155 230 426 278 perficiamini?“
451 241 501 264 et:
524 231 625 275 ‚,o²)
649 231 808 265 insensati
831 230 982 271 Galatae,
1007 230 1079 275 quis
1106 244 1163 264 vos

29 295 200 328 fascinavit
222 292 353 327 veritati
374 305 446 325 non
464 292 657 326 obedire?“
704 293 774 326 Sed
799 303 830 326 et
848 292 1078 337 unusquisque
1098 307 1162 326 no-

28 367 151 396 slrum,
186 355 249 389 nisi
276 368 310 388 se
335 354 531 393 armaverit,
571 363 603 386 ct
633 353 770 398 abjectis
800 354 907 387 brutis
940 364 970 386 et
1004 354 1163 388 belluinis

26 417 185 455 sensibus,
201 418 243 450 ad
266 415 474 461 spiritualem
499 415 753 456 intelligentiam
779 415 1028 460 properaverit,
1052 428 1162 448 rema-

28 479 122 512 nebit
145 487 234 511 extra
259 478 466 517 Jordanem,
502 490 564 510 nec
596 476 723 520 poterit
746 491 808 521 per
828 477 1011 522 sapientiae
1034 477 1163 510 flumen

27 540 200 580 incedere,
237 541 329 585 quod
354 539 512 572 laetificat
536 538 701 571 civitatem
727 537 811 579 Dei,
846 539 881 571 id
915 548 978 579 est,
1013 540 1161 572 animam

11 596 95 635 'Dei
125 614 301 647 capacem:
333 614 405 634 non
439 610 634 646 assequetur
666 600 883 645 eloquiorum
907 599 1051 633 Domini
1075 600 1162 633 inte-

28 662 137 704 riora,
162 676 248 708 quae
271 672 349 697 sunt
373 662 528 696 dulciora
551 675 653 707 super
675 662 744 694 mel
767 670 800 694 et
822 664 954 702 favum,
985 664 1043 696 sed
1067 662 1161 694 illam

0 745 1 749 =
27 725 268 757 tantummodo
290 733 517 768 consequetur
538 733 674 763 terram,
697 723 734 756 in
757 736 824 768 qua
849 724 918 756 duo
944 735 1036 765 reges
1062 724 1163 756 occisi

28 795 124 826 sunt,
158 785 218 818 ubi
243 785 374 819 dicatur
399 784 446 818 ei:
481 785 640 828 „nihil³)
672 784 765 817 aliud
795 784 942 830 judicavi
973 798 1028 816 me
1052 784 1161 828 ipsum

26 847 111 880 scire
133 847 221 880 inter
243 860 302 879 vos
326 846 390 879 nisi
413 847 530 879 Jesum
553 845 737 885 Christum,
762 855 793 878 et
816 847 908 878 hunc
932 845 1161 878 crucifixum.“

28 907 98 952 Qui
121 918 232 941 autem
264 906 415 952 potuerit
446 906 587 941 transire
616 908 825 948 Jordanem,
863 916 895 940 et
928 908 969 939 ad
1000 906 1162 940 interiora

25 979 222 1015 penetrare,
253 969 302 1002 ibi
325 969 442 1001 Jesum
466 969 659 1002 Dominum
683 980 838 1003 nostrum
863 981 1023 1013 sequens,
1058 968 1161 1000 inter—

24 1032 116 1066 ficiet
137 1031 289 1074 triginta,
313 1039 346 1063 et
370 1043 411 1063 eo
435 1030 580 1075 amplius
604 1043 706 1072 reges,
735 1031 811 1063 illos
834 1030 994 1070 fortassis,
1019 1031 1062 1062 de
1086 1030 1160 1074 qui-

24 1095 89 1126 bus
113 1094 248 1133 dicitur,
273 1092 351 1137 quia
377 1092 654 1135 „adnutu-unffi)
677 1105 770 1134 reges
794 1102 912 1130 terrae,
937 1101 968 1124 et
992 1091 1162 1135 principes

27 1155 219 1195 congregati
241 1163 319 1187 sunt
341 1153 376 1186 in
401 1167 527 1193 unum,
557 1155 714 1186 adversus
739 1153 950 1192 Dominum,
980 1161 1012 1185 et
1043 1153 1161 1184 adver-—

27 1229 81 1249 sus
107 1214 278 1248 Christum
304 1212 423 1260 ejus:“
448 1215 664 1259 depulsisque
697 1214 736 1248 iis
761 1214 894 1256 regibus
920 1224 952 1246 et
975 1214 1162 1258 prostratis,

26 1286 185 1319 agnoscet
206 1276 385 1310 secretiora
410 1276 584 1323 mysteria,
616 1289 723 1320 usque
761 1289 830 1321 quo
863 1276 973 1308 veniat
997 1276 1039 1307 ad
1063 1276 1160 1308 illum

25 1339 161 1379 locum,
191 1339 252 1372 uhi
274 1339 369 1372 sedes
401 1337 469 1370 Dei
493 1347 558 1377 est,
589 1346 621 1370 et
649 1338 839 1371 Jerusalem
872 1337 985 1370 civitas
1016 1336 1084 1369 Dei
1115 1336 1161 1368 vi-

25 1399 148 1441 ventis,
170 1413 243 1433 non
266 1399 344 1439 ista,
370 1411 458 1444 quae
479 1398 579 1432 servit
603 1412 682 1432 cum
705 1399 780 1433 filiis
803 1399 871 1433 suis
894 1398 930 1430 in
953 1398 1069 1438 terris,
1103 1399 1162 1431 sed

24 1461 84 1495 illa
108 1461 272 1502 coelestis,
296 1473 384 1506 quae
407 1460 514 1494 libera
538 1471 596 1502 est,
620 1471 651 1494 et
674 1470 782 1494 mater
807 1460 962 1494 omnium
986 1469 1162 1494 nostrum:

25 1525 69 1558 ad
93 1522 188 1570 cujus
210 1536 275 1556 nos
298 1522 541 1556 haereditatem
564 1524 754 1568 perducere
778 1521 933 1564 dignetur
949 1523 1015 1555 dux
1037 1532 1069 1554 et
1085 1522 1160 1555 Do*

26 1584 136 1617 minus
159 1592 277 1617 noster
297 1583 395 1617 Jesus
420 1584 587 1625 Christus,
626 1584 680 1618 cui
712 1593 760 1618 est
790 1583 895 1626 gloria
922 1593 954 1617 et
977 1584 1160 1629 imperium

25 1645 61 1679 in
84 1646 218 1680 saecula
241 1646 467 1679 saeculorum.
514 1644 642 1679 Amen!

119 1785 155 1829 ¹)
182 1784 294 1818 Galat.
318 1784 384 1825 ΙΙΙ,
407 1786 439 1820 3.

116 1841 155 1885 ²)
181 1840 293 1875 Galat.
317 1841 382 1881 III,
409 1845 438 1877 1.

117 1896 155 1940 ³)
179 1897 193 1929 Ι
219 1896 303 1931 Cor.
326 1897 375 1937 II,
397 1900 429 1931 2.

119 1952 156 1997 ⁴)
179 1953 302 1988 Psalm.
328 1953 378 1994 11,
401 1956 431 1987 2.
