1427 2460
394 81 431 105 nx*
454 71 632 105 Nummos
657 71 818 105 ΗοΜιιιΑ
838 70 878 103 Ῑῐ.
1163 71 1208 106 19

72 162 209 207 quidem
240 174 278 195 ex
310 174 453 206 operum
485 162 600 195 fructu
630 160 816 194 indicatur:
847 158 1072 193 nihilominus
1096 169 1208 194 autem

72 233 103 256 et
126 236 165 256 cx
188 222 436 265 magnificentia
456 236 626 257 sensuum.
662 225 750 257 Nam
773 235 873 267 saepe
885 221 1016 261 accidit,
1038 231 1076 254 ut
1094 221 1131 261 is,
1150 223 1210 267 qui

61 284 236 318 *humilem
256 297 389 318 sensum
408 284 490 326 gerit
508 293 539 317 et
557 284 738 330 abjectum,
755 283 859 329 etqui
878 293 1010 316 terrena
1034 283 1129 328 sapit,
1153 296 1209 331 ex-

72 346 198 378 celsum
225 345 404 380 sacerdotii
430 347 589 388 gradum,
628 348 679 379 vel
715 347 909 380 cathedram
944 346 1095 378 doctoris
1126 344 1208 378 insi—

73 407 167 439 deat:
185 406 217 450 1)
243 416 275 439 et
297 407 365 449 ille,
391 408 448 452 qui
472 408 654 452 spiritualis
680 418 747 447 est,
773 417 805 441 et
829 421 846 440 a
871 417 1003 440 terrena
1030 419 1209 440 conversa-

71 467 166 500 tione
189 477 257 500 tam
280 468 378 509 liber,
401 478 439 502 ut
463 468 568 513 possit
593 468 782 502 examinare
809 470 933 508 omnia,
960 478 990 501 et
1013 468 1084 512 ipse
1106 482 1124 501 a
1148 481 1210 500 ne·

71 529 164 561 mine
185 527 341 574 judicari,
364 530 416 563 vel
441 529 613 563 inferioris
636 530 812 563 ministerii
836 531 993 564 ordinem
1011 538 1133 569 teneat,
1158 531 1209 562 vel

71 589 173 624 etiam
198 592 233 625 in
247 591 282 636 ²)
307 591 440 637 plebeia
465 591 682 625 multitudine
706 577 928 636 relinqtiatur.
976 592 1046 625 Sed
1070 591 1136 624 hoc
1163 601 1210 625 est

72 660 104 684 et
132 652 213 694 legis
244 663 275 686 et
298 653 470 696 Evangelii
492 662 612 687 statuta
646 661 883 693 contemnere,
918 661 949 685 et
979 652 1066 685 nihil
1089 665 1210 686 secun-

72 713 156 746 dum
181 716 338 748 ordinem
363 721 485 757 gerere.
534 715 603 748 Sed
629 723 660 747 et
677 711 911 759 unusquisque
935 724 1090 747 nostrum
1113 715 1141 748 si
1167 715 1210 747 de

71 775 150 809 cibo
176 785 207 809 et
228 786 315 821 potu
340 777 503 811 sollicitus
528 776 589 816 sit,
614 785 646 808 et
670 788 806 808 omnem
835 789 950 809 curam
975 775 1010 808 in
1034 777 1135 809 rebus
1158 789 1211 809 se-

71 836 242 871 cularibus
264 847 365 879 gerat,
390 852 494 872 unam
518 850 598 871 vero
624 845 681 870 aut
705 838 787 870 duas
809 838 911 870 horas
936 851 973 870 ex
996 837 1128 879 integro
1155 838 1211 871 die

70 897 169 931 eliam
195 898 272 932 Deo
298 901 452 945 deputet,
485 909 516 933 et
540 901 584 933 ad
610 898 800 931 orationem
825 898 937 931 veniat
961 898 995 930 in
1023 899 1210 940 ecclesiam,

69 959 123 991 vel
146 960 180 993 in
205 961 345 994 transitu
368 960 509 997 verbflm
534 960 601 994 Dei
626 961 759 999 audiat,
793 960 1011 1004 praecipuam
1043 974 1123 993 vero
1150 974 1210 993 cu-

70 1034 143 1053 ram
169 1034 245 1064 erga
274 1023 540 1056 sollicitudinem
569 1022 695 1057 saeculi
730 1032 762 1054 et
786 1022 907 1054 ventris
933 1023 1119 1066 expendat:
1151 1021 1212 1055 iste

69 1095 142 1115 non
166 1085 317 1128 complet
339 1086 557 1124 mandatum,
582 1085 677 1129 quod
703 1083 802 1123 dicit,
827 1092 863 1115 ut
889 1084 995 1116 homo
1021 1085 1210 1117 secundum

71 1144 228 1178 'ordinem
251 1160 349 1178 suum
374 1146 525 1186 incedat,
561 1147 612 1178 vel
638 1146 732 1190 quod
757 1144 857 1185 dicit,
891 1154 928 1177 ut
953 1147 1067 1179 omnia
1090 1159 1212 1179 secun-

71 1206 155 1238 dum
187 1207 345 1239 ordinem
377 1208 469 1240 fiant.
533 1206 633 1240 Ordo
670 1216 718 1241 est
742 1207 832 1239 enim
857 1216 994 1241 statutus
1021 1220 1039 1240 a
1066 1207 1213 1248 Christo,

71 1279 234 1311 quaerere
247 1267 283 1312 ³)
307 1268 401 1312 prius
425 1281 567 1310 regnum
592 1268 657 1300 Dei
682 1277 713 1301 et
737 1267 895 1313 justitiam
924 1266 1005 1313 ejus,
1032 1269 1114 1306 etQ
1140 1282 1213 1302 cre-

71 1329 163 1369 dere,
189 1331 284 1374 quod
308 1331 460 1363 secundo
485 1331 565 1362 loco
592 1331 675 1362 haec
699 1330 800 1363 nobis
826 1340 1053 1374 apponantur.
1095 1331 1212 1364 Homo

70 1402 150 1432 ergo
174 1392 362 1425 secundum
388 1392 545 1425 ordinem
571 1405 670 1424 suum
695 1392 839 1425 incedat.
896 1392 1044 1425 Putasne
1078 1392 1137 1436 qui
1160 1406 1213 1426 sa-

71 1452 225 1486 cerdotio
257 1454 464 1494 funguntur,
503 1462 535 1486 et
564 1452 600 1486 in
630 1452 835 1486 sacerdotali
872 1453 993 1486 ordine
1017 1454 1214 1495 gloriantur,

67 1515 257 1548 secundum
282 1515 440 1548 ordinem
463 1528 563 1548 suum
588 1514 772 1555 incedunt,
798 1524 829 1547 et
853 1523 955 1557 agunt
980 1516 1106 1555 omnia,
1130 1529 1216 1560 quae

69 1574 130 1609 illo
156 1575 278 1609 ordine
302 1575 402 1617 digna
426 1576 531 1610 sunt?
581 1576 745 1610 Similiter
775 1585 888 1610 autem
921 1585 953 1608 et
991 1575 1127 1609 diaconi
1151 1591 1217 1622 pu·-

69 1645 119 1671 tas
139 1638 328 1670 secundum
352 1639 509 1671 ordinem
535 1638 713 1679 ministerii
748 1637 801 1670 sui
823 1637 1010 1670 incedunt?
1058 1638 1102 1672 Et
1124 1640 1217 1672 unde

71 1707 129 1738 est,
154 1700 249 1743 quod
271 1712 372 1744 saepe
396 1700 552 1733 audimus
577 1700 814 1744 blasphemare
839 1698 1005 1739 homines,
1031 1709 1062 1732 et
1087 1699 1216 1733 dicere:

73 1772 149 1793 ecce
173 1760 281 1804 qualiS
305 1761 496 1806 episcopus,
519 1771 576 1794 aut
601 1761 710 1806 qualis
731 1762 920 1808 presbyter,
946 1761 997 1793 vel
1020 1759 1127 1805 qualis
1145 1761 1216 1794 dia-

170 1869 205 1913 ¹)
229 1870 310 1905 Mss.
346 1870 617 1911 Bellovacensis,
660 1871 889 1911 Turonensis,
920 1879 953 1904 et
982 1870 1217 1905 Ebroicensis=

74 1914 271 1993 ainsiil‘ethtf‘
332 1916 497 1959 vulgatae
534 1917 698 1950 editiones
731 1917 780 1961 (e.
815 1930 843 1950 c.
870 1917 946 1949 edd.
972 1916 1060 1960 Μ.);
1101 1917 1219 1958 „obsi-

101 1969 161 1993 eat.
241 1974 248 1994 ζ

168 2017 205 2060 ²)
230 2016 395 2058 Vulgatae
427 2017 594 2051 editiones
625 2018 674 2062 (v.
701 2030 726 2050 c.
753 2017 830 2050 edd.
855 2017 945 2061 M.):
977 2015 1033 2055 „in
1068 2017 1169 2061 plebe
1201 2031 1219 2050 a

75 2061 295 2095 multitudine
326 2063 570 2107 relinquatur.“
626 2063 696 2096 Sed
731 2064 801 2095 duo
833 2062 915 2095 les.
944 2061 1164 2095 Ebroicensis
1188 2070 1221 2095 et

73 2105 324 2140 Bellovacensis
347 2117 386 2140 ut
410 2108 446 2140 in
469 2118 587 2142 nostro
610 2116 714 2141 textu.
738 2107 779 2140 R.

171 2163 209 2206 ³)
232 2163 354 2196 Matth.
378 2164 438 2203 Vl,
461 2164 515 2199 33.

169 2217 207 2262 α)
231 2219 320 2252 Edd.
345 2220 484 2253 Merlini
508 2233 707 2265 perperam:
734 2229 766 2253 et
791 2221 930 2254 credere
951 2219 1101 2253 secundo
1126 2218 1217 2252 loco.

76 2262 171 2297 Haec
193 2265 294 2298 nobis
320 2274 549 2310 apponantur.
597 2265 714 2299 Homo
741 2274 800 2299 etc.

964 2326 1019 2359 2*
