1427 2460
212 77 281 111 254
697 74 877 110 Omossms

214 169 292 202 ideo
322 166 449 212 justum
476 165 543 199 Dei
572 164 737 212 judicium
771 176 834 206 est,
870 168 949 212 quia
971 175 1097 212 sponte
1119 180 1180 202 sua
1202 169 1271 203 sive
1293 170 1359 204 bo-

211 231 282 270 nis,
317 229 385 263 sive
422 227 576 273 pessimis
617 227 849 262 monitoribus
886 237 994 273 paret.
1048 229 1108 263 Vis
1145 229 1208 264 tibi
1246 232 1358 266 adhuc

212 291 359 336 amplius
384 289 467 335 quid
484 289 519 335 ¹)
544 303 583 322 ex
609 289 785 335 scripturis
808 289 928 324 divinis
952 292 1356 338 ostendam‚,quomod0

211 352 324 399 major
354 365 434 385 cura
465 352 581 385 salutis
616 365 693 394 erga
723 353 882 386 homines
901 353 979 386 Deo
1006 363 1062 393 est,
1087 368 1191 400 quam
1215 355 1358 390 diabolo

211 413 436 460 perditionis?
469 414 647 459 Numquid
668 428 739 448 non
757 414 948 449 sufficiebat
968 417 1170 458 angelorum
1186 417 1359 460 diligentia

211 478 368 510 adversus
386 476 522 510 insidias
546 477 769 517 daemonum,
794 486 828 510 et
848 478 1026 511 adversum
1049 491 1118 519 eos,
1143 479 1202 525 qui
1222 481 1263 513 ad
1277 493 1359 525 pec-

210 541 359 573 candum
371 538 526 572 homiues
536 539 697 573 trahunt?
709 539 786 585 Ipse
798 539 1002 582 unigenitus,
1015 540 1098 586 ipse,
1107 541 1356 586 inquam‚filius

208 602 275 635 Dei
296 603 400 640 adest,
423 601 495 646 ipse
517 602 680 642 defendit,
702 602 774 646 ipse
793 602 953 643 custodit,
975 603 1047 648 ipse
1058 616 1122 637 nos
1135 604 1179 636 ad
1194 616 1230 637 se
1242 603 1357 640 trahit.

209 663 311 703 Audi,
337 664 517 708 quomodo
541 663 616 709 ipse
639 662 738 697 dicit:
763 664 866 705 „et²)
891 677 979 705 eece,
1005 678 1067 707 ego
1084 665 1262 699 vobiscum
1277 678 1353 699 sum

209 726 371 759 omnihus
408 724 546 765 diebus,
587 738 696 770 usque
741 726 784 760 ad
822 727 1158 761 consummationem
1195 726 1353 763 saeculi.“

207 789 277 822 Sed
307 801 372 820 nec
404 786 530 821 sufficit
560 800 639 821 eum
672 800 741 821 esse
769 789 971 829 nobiscum,
999 790 1060 823 sed
1089 790 1352 834 quodammodo

205 851 274 885 vim
305 849 405 882 nobis
429 848 530 888 facit,
560 858 599 882 ut
620 863 684 883 nos
709 851 885 895 pertrahat
909 851 952 884 ad
975 853 1131 888 salutem.
1178 850 1234 884 Ait
1258 851 1349 885 enim

204 912 243 945 in
274 912 341 945 alio
372 911 470 944 loco:
502 924 610 951 „cum
626 911 664 955 3)
695 921 809 945 autem
834 914 993 946 exaltatus
1017 915 1135 953 fuero,
1165 912 1283 946 omnia
1307 913 1352 946 ad

206 987 263 1007 me
286 973 452 1007 traham.“
497 972 619 1014 Vides,
655 976 834 1019 quomodo
858 988 930 1008 non
954 976 1068 1009 solum
1091 974 1210 1008 invitat
1232 974 1350 1006 voleu-

206 1046 273 1075 tes,
295 1036 355 1069 sed
381 1044 413 1067 et
436 1044 630 1068 cunctantes
653 1036 765 1070 trahit.
802 1037 859 1070 Vjs
884 1046 995 1069 autem
1017 1037 1146 1076 audire,
1170 1035 1351 1081 quomodo

206 1097 318 1131 trahat
347 1096 447 1129 etiam
473 1096 693 1131 cunctantes?
738 1099 818 1131 Non
843 1098 1009 1132 concessit
1031 1097 1100 1139 illi,
1133 1097 1192 1143 qui
1214 1097 1353 1135 volebat

207 1160 274 1200 ire,
305 1168 337 1193 et
366 1157 508 1203 sepelire
531 1167 666 1202 patrem
691 1172 812 1199 suum,
845 1173 910 1193 nec
932 1161 1079 1205 spatium
1102 1158 1266 1205 temporis
1290 1160 1350 1193 de-

208 1223 276 1261 dit,
307 1221 367 1255 sed
391 1220 438 1254 ait
458 1219 525 1253 illi:
556 1220 650 1261 „sine
666 1220 704 1265 4)
733 1231 889 1256 mortuos
912 1222 1056 1267 sepelire
1078 1231 1236 1256 mortuos
1259 1234 1350 1261 suos,

206 1294 244 1318 tu
269 1293 381 1317 autem
406 1295 548 1326 sequere
570 1287 659 1315 me.“
705 1283 749 1317 Et
772 1284 854 1317 alibi
878 1284 975 1317 dicit:
998 1297 1125 1326 „nemo
1146 1283 1183 1327 ⁵)
1213 1282 1350 1316 mittens

205 1360 346 1380 manum
378 1357 473 1378 suam
504 1358 608 1388 super
638 1354 805 1385 aratrum,
837 1355 869 1379 et
897 1355 989 1379 retro
1021 1345 1220 1390 respiciens,
1252 1352 1350 1389 aptus

206 1418 253 1442 est
289 1419 395 1448 regno
428 1404 528 1439 Dei.“
588 1405 698 1450 Quod
732 1407 760 1440 si
795 1407 939 1451 amplius
976 1408 1089 1440 adhue
1121 1407 1169 1440 vis
1207 1407 1250 1439 de
1280 1406 1350 1438 hoc

205 1480 412 1510 cognoscere
435 1477 666 1508 sacramento,
693 1469 870 1502 ostendam
894 1467 955 1501 tibi
980 1468 1023 1501 de
1036 1467 1230 1512 Scripturis,
1254 1466 1350 1511 quod

204 1531 305 1565 etiam
336 1530 408 1574 ipse
433 1528 606 1564 Dominus
636 1538 734 1574 pater
763 1529 1050 1575 dispensationem
1073 1531 1187 1563 salutis
1212 1538 1349 1563 nostrae

204 1607 278 1627 non
310 1592 464 1634 negligit,
494 1591 554 1624 sed
585 1600 616 1624 et
638 1591 710 1636 ipse
733 1605 796 1625 uos
821 1593 866 1626 ad
887 1593 1028 1625 salutem
1052 1604 1125 1625 non
1147 1591 1261 1625 solum
1285 1603 1346 1623 vo-

206 1664 275 1695 cat,
303 1654 363 1688 sed
396 1663 427 1686 et
456 1653 632 1699 pertrahit.
679 1654 739 1688 Sic
763 1656 853 1687 enim
873 1652 1047 1687 Dominus
1070 1653 1153 1686 dicit
1173 1651 1209 1686 in
1233 1652 1348 1685 Evan-

206 1717 311 1759 gelio:
335 1729 461 1757 „nemo
479 1715 516 1759 ⁶)
539 1714 630 1748 venit
654 1716 696 1749 ad
719 1729 792 1757 me,
815 1716 880 1749 nisi
904 1729 1006 1760 quem
1029 1724 1126 1760 pater
1147 1727 1243 1748 meus
1268 1727 1347 1748 coe·

204 1774 295 1813 lestis
320 1777 525 1811 attraxerit.“
553 1777 658 1810 -Sed·
674 1786 707 1811 et
736 1777 995 1823 paterfamilias,
1026 1777 1085 1821 qui
1107 1775 1212 1810 mittit
1233 1789 1345 1810 servos

205 1855 286 1875 suos
314 1839 456 1873 invitare
480 1839 606 1872 amicos
637 1841 681 1873 ad
703 1841 838 1885 nuptias
860 1839 922 1873 filii
944 1840 1013 1879 sui,
1042 1848 1266 1884 posteaquam
1291 1851 1349 1871 ex-

205 1911 405 1938 cusaverunt
435 1901 504 1943 illi,
535 1901 594 1947 qui
625 1901 758 1947 priores
786 1903 921 1935 fuerant
944 1899 1089 1942 invitati,
1120 1900 1204 1934 dicit
1225 1899 1345 1934 servis:

296 2049 331 2092 Ι)
354 2049 444 2082 Edd.
471 2046 627 2081 Merlini:
663 2047 803 2093 aliquid.

296 2104 334 2150 2)
357 2104 481 2138 Matth.
505 2103 673 2145 XXVIII,
704 2105 758 2139 20.

297 2159 334 2202 3)
359 2160 418 2191 Ev.
441 2160 568 2192 Joann.
592 2160 672 2200 XII,
694 2161 749 2196 32.
775 2181 818 2187 —-
849 2160 937 2194 Edd.
961 2159 1117 2194 Mer-lini:
1142 2159 1315 2193 exultatus.

296 2214 334 2259 ⁴)
357 2215 478 2248 Matth.
503 2215 592 2256 VIII,
621 2217 675 2250 22.
771 2217 809 2261 ⁵)
831 2217 912 2250 Luc.
937 2215 1000 2258 IX,
1029 2216 1083 2252 62.

295 2270 332 2314 ⁶)
355 2270 415 2304 Ev.
440 2271 567 2305 Joann.
593 2272 652 2313 VI,
675 2273 727 2307 44.

1417 2384 1427 2460 *⁴-
