1427 2460
389 76 425 100 m
449 66 630 99 Nummos
654 63 815 98 HOMILIA
836 63 876 97 V.
1155 62 1201 96 43

69 156 247 193 inferiores
279 156 416 202 quidem
443 168 565 202 opera,
595 154 752 188 meliores
784 166 864 187 vero
897 165 1002 198 opera
1035 164 1198 198 operum:

70 221 195 253 horum
219 228 330 253 autem
360 217 572 263 superiores,
605 216 836 261 spiritualibus
870 215 990 248 officiis
1022 214 1200 255 deservire,

62 291 104 315 ,et
125 281 267 315 introire
288 281 325 314 in
347 289 459 314 sancta
483 288 690 318 sanctorum,
713 278 829 323 ibique
850 277 983 322 operire
1003 289 1090 321 quae
1114 289 1199 321 ope-

49 343 188 376 ·rienda
208 351 305 383 sunt,
330 351 361 375 et
384 343 517 375 tradere
539 340 617 373 filiis
644 339 751 373 Caatli
775 340 943 385 portanda
967 338 1136 378 humeris,
1167 346 1200 370 et

70 404 226 438 manibus
250 404 434 440 evehenda.
488 403 556 436 Sed
590 411 621 435 et
644 402 781 446 reliquis
804 400 988 445 unicuique
1011 400 1201 433 secundum

72 478 127 505 ea,
162 477 249 510 quae
279 465 348 512 jam
382 464 535 511 superius
564 478 664 510 saepe
689 464 826 497 disserta
857 472 951 503 sunt,
986 462 1201 495 ordinantur.

69 528 196 561 Verum
221 540 265 560 ne
287 526 406 560 nimiav
423 526 506 561 haec
540 527 831 571 operimentorum
861 525 1202 567 velamentorumque

71 589 200 623 cautela
234 589 505 633 desperationem
541 589 712 633 quandam
751 597 783 620 et
826 586 1029 619 moestitiam
1064 593 1202 628 generet

71 649 300 691 auditoribus,
332 663 441 694 pauca
467 649 602 694 aliqua,
628 662 714 693 quae
738 657 770 681 et
792 647 892 680 nobis
915 649 1068 692 pandere
1088 655 1203 680 tutum

71 705 182 753 sitset
204 711 299 745 vobis
322 712 372 744 sas
396 711 651 755 sit'adspicere,
677 710 838 755 quoniam
866 709 1020 754 quidem,
1044 717 1082 741 ut
1107 709 1202 753 prius

73 773 232 813 diximus,
268 772 422 815 genus¹)
453 773 563 813 regale
593 781 624 804 et
647 771 895 811 sacerdotium,
929 783 1008 813 gens
1031 779 1147 804 sancta
1172 779 1204 804 et

70 834 220 880 populus
237 833 272 867 in
289 832 588 878 acquisitionem2)
604 833 684 866 dicti
698 845 823 871 sumuS,
841 831 972 876 aperire
987 833 1205 868 tentabimus.

69 895 298 938 Intelligamus
324 908 403 937 ergo
428 895 686 927 tabernaculum
709 893 894 927 testimonii
918 907 1036 928 omnes
1058 904 1206 935 sanctos,

72 958 131 1002 qui
153 959 216 992 sub
239 966 439 991 testamento
463 956 532 989 Dei
556 964 751 989 censentur:
778 964 810 988 et
834 955 869 989 in
885 956 954 988 hoc
976 956 1202 989 tabernaculo

71 1033 142 1053 esse
164 1020 330 1064 quosdam
354 1017 510 1051 celsiores
533 1017 659 1050 meritis
685 1025 716 1049 et
739 1015 843 1059 gratia
866 1016 1077 1062 superiores:
1108 1027 1141 1051 et
1164 1031 1204 1051 ex

69 1080 109 1115 iis
134 1081 265 1126 aliquos
289 1079 427 1125 quidem
451 1079 693 1112 candelabrum
720 1078 799 1118 dici,
826 1078 916 1122 ipsos
939 1079 1030 1112 forte
1052 1080 1204 1124 Aposto-

71 1144 134 1183 los,
158 1143 217 1187 qui
239 1141 434 1175 illuminant
457 1141 653 1174 accedentes
680 1141 724 1173 ad
747 1140 873 1172 Deum.
928 1140 998 1173 Sed
1030 1149 1062 1173 et
1094 1140 1121 1173 si
1145 1140 1205 1185 qui

73 1204 130 1238 alii
151 1213 239 1244 sunt,
264 1203 322 1248 qui
345 1204 380 1236 in
405 1203 473 1235 hoc
496 1202 718 1235 tabernaculo
739 1202 806 1234 Dei
832 1201 990 1235 omnihus
1011 1201 1205 1244 ingredien-

72 1266 162 1299 tibus
184 1265 341 1298 scientiae
366 1273 398 1297 et
426 1263 603 1297 doctrinae
626 1263 743 1296 lumen
774 1264 972 1303 ostendunt,
1005 1277 1122 1298 omnes
1151 1265 1206 1299 isti

73 1320 316 1361 caudelabrum
331 1325 508 1372 mysticum
530 1324 761 1358 nominentur.
796 1324 866 1358 Alii
888 1325 954 1357 sint
969 1338 1085 1359 mensa
1099 1340 1206 1369 sacra,

72 1388 195 1422 scilicet
218 1387 413 1433 quicunque
436 1387 565 1419 habent
596 1399 699 1430 panes
723 1386 808 1426 Dei,
839 1394 872 1418 et
902 1385 1059 1420 reficiunt
1082 1401 1121 1420 ac
1145 1402 1209 1432 pa-

72 1459 168 1484 scunt
191 1449 319 1483 animas
343 1447 525 1481 esurientes
548 1446 719 1493 justitiam.
772 1447 842 1480 Alii
874 1447 987 1492 sint³)
1019 1449 1124 1482 altare
1152 1450 1207 1483 in-

73 1511 174 1551 censi,
198 1510 392 1556 quicunque
417 1509 630 1543 orationibus
662 1518 693 1542 et
724 1507 858 1554 jejuniis
883 1508 938 1542 die
963 1523 1000 1542 ac
1024 1520 1125 1543 nocte
1150 1525 1208 1545 va-

73 1581 151 1606 cant
173 1572 209 1605 in
234 1572 364 1616 templo
388 1572 473 1611 Dei,
509 1581 642 1605 orantes
665 1584 738 1604 non
762 1571 874 1603 solum
899 1584 963 1615 pro
987 1582 1093 1605 semet
1115 1572 1209 1617 ipsis,

73 1635 132 1669 sed
156 1643 189 1667 et
211 1647 276 1679 pro
300 1633 457 1667 universo
482 1634 627 1678 populo.
673 1632 701 1666 Ii
725 1646 816 1673 vero,
843 1631 966 1676 quibus
987 1647 1109 1667 arcana
1133 1649 1208 1682 my-

75 1695 172 1729 steria
196 1694 340 1729 credidit
361 1695 468 1736 Deus,
494 1704 525 1728 et
550 1696 765 1728 occultorum
790 1693 1024 1738 providentiae
1048 1708 1129 1728 suae
1152 1695 1207 1740 ju-

75 1756 244 1790 diciorum
267 1766 393 1790 secreta
417 1756 596 1796 commisit,
620 1769 697 1790 arca
720 1755 910 1789 testamenti
934 1755 1002 1788 Dei
1032 1758 1208 1801 appellen-

74 1827 139 1851 tur.
193 1817 304 1851 Porro
326 1817 384 1862 qui
414 1830 492 1851 cum
524 1819 619 1852 omni
648 1818 773 1851 fiducia
803 1831 866 1862 per
898 1816 1024 1851 hostias
1054 1831 1209 1862 precum,

75 1878 434 1924 supplicationumque
456 1879 605 1913 victimas
623 1880 737 1912 Deum
754 1879 950 1912 hominibus
974 1880 1209 1924 repropitiant,

77 1949 110 1973 ct
132 1954 196 1985 pro
222 1939 349 1974 delictis
373 1939 496 1984 populi
518 1939 760 1981 interveniunt,
793 1940 1074 1985 propitiatorium
1097 1940 1210 1975 nomi-

175 2095 209 2138 1)
233 2096 306 2130 cfr.
331 2095 346 2127 Ι
369 2096 457 2130 Pctr.
482 2097 526 2137 Π,
548 2098 580 2132 9.

171 2150 321 2193 2)Ε(1(].
354 2151 403 2185 M.
434 2161 465 2186 et
494 2153 534 2186 R.
565 2153 634 2186 hoc
664 2155 761 2196 loeo,
800 2156 858 2189 cfr.
891 2165 964 2199 pag.
997 2153 1050 2190 38-
1084 2164 1153 2188 not.
1178 2155 1209 2190 2-

82 2195 355 2242 „acquisitione.“

173 2252 210 2296 ³)
235 2251 323 2286 Edd.
348 2252 504 2288 Merlini:
527 2264 611 2289 sunt.
