1427 2460
331 94 367 118 m
390 84 569 118 Nummos
593 81 752 116 HomnA
770 81 897 116 XXIII.
1111 80 1178 116 287

137 175 171 212 9.
217 174 316 208 Tunc
336 172 459 207 deinde
478 170 630 217 sequitur
642 172 801 206 festivitas
813 170 1047 217 septimorum.
1083 170 1179 204 Sicut

49 237 139 271 enim
170 236 257 270 inter
287 235 356 270 dies
386 234 545 279 septimus
570 233 712 279 quisque
735 235 806 268 dies
831 234 1029 267 observatur
1056 233 1179 267 sabba-

49 303 133 339 tum,
156 307 188 332 et
212 306 258 331 est
280 296 447 337 festivitas,
468 296 515 330 ita
539 304 572 329 et
594 295 683 331 inter
705 309 837 330 menses
858 294 1021 340 septimus
1038 293 1179 340 quisque

48 360 169 394 mensis
191 359 369 392 sabbatum
392 367 441 391 est
462 358 643 392 mensium.
690 358 810 401 Agitur
835 370 914 400 ergo
938 356 973 389 in
998 370 1039 390 eo
1055 355 1180 390 festivi-

50 430 108 459 tas,
132 433 219 465 quae
243 419 368 453 dicitur
389 421 530 453 sabbata
553 421 792 460 sabbatorum,
816 428 849 452 et
870 418 909 451 fit
930 418 966 452 in
990 418 1046 451 die
1068 417 1179 463 prima

47 481 170 516 mensis
192 482 353 515 tubarum
376 482 551 515 memoria.
599 482 668 515 Sed
692 481 766 526 quis
790 489 854 521 est,
881 481 939 525 qui
968 478 1178 513 festivitatem

46 553 137 586 gerat
158 543 345 578 memoriae
368 544 545 583 tubarum,
576 543 641 578 nisi
671 543 730 588 qui
759 551 871 587 potest
891 541 1073 586 scripturas
1096 554 1178 585 pro—

47 605 215 650 pheticas,
247 615 278 639 et
303 605 518 647 evangelicas,
543 604 691 650 atque¹)
716 603 933 649 apostolicas,
965 616 1051 648 quae
1063 603 1099 647 ²)
1123 614 1179 635 ve-

48 666 111 700 luti
134 667 286 701 coelestis
308 669 473 712 quaedam
492 665 726 712 personant³)
749 667 842 705 tuba,
865 665 1028 698 mandare
1047 677 1180 697 memo-

47 728 128 768 riae,
152 737 184 762 et
207 729 295 762 intra
319 729 515 762 thesaurum
540 728 651 762 cordis
674 727 726 761 sui
748 725 959 761 recondere?
1004 726 1075 770 Qui
1101 739 1179 768 ergo

48 788 131 822 haec
151 789 240 830 facit,
265 799 296 822 et
319 789 353 822 in
378 790 450 832 lege
472 790 541 823 Dei
564 789 745 823 meditatur
769 788 824 822 die
848 801 886 822 ac
909 797 1022 827 nocte,
1044 787 1105 821 iste
1131 789 1180 820 fe-

46 849 223 884 stivitatem
247 850 331 893 gerit
353 850 540 884 memoriae
562 852 734 884 tubarum.
780 850 850 884 Sed
875 858 907 882 et
929 849 956 882 si
979 848 1053 894 quis
1068 858 1179 894 potest

47 910 167 952 gratias
197 911 270 945 illas
299 911 404 945 sancti
436 911 581 957 Spiritus
617 911 827 958 promereri,
864 910 988 957 quibus
1027 909 1181 955 inspirati

47 975 126 1006 sunt
147 972 345 1018 prophetae,
369 982 401 1006 et
416 974 563 1018 psanens
578 974 707 1007 dicere:
730 972 862 1016 „canite
874 971 911 1017 ⁴¹)
934 972 1068 1006 initium
1083 986 1181 1006 men-

46 1033 88 1068 sis
111 1035 212 1074 tuba,
234 1034 270 1067 in
295 1034 350 1068 die
372 1034 509 1077 insignis
531 1035 752 1068 solemnitatis
776 1033 895 1078 ejus:“

928 1043 959 1068 et
982 1035 1041 1079 qui
1062 1035 1123 1069 scit
1144 1033 1180 1067 in

47 1095 184 1140 psai-mis
205 1094 352 1141 jubilare
375 1096 415 1137 ei,
439 1097 540 1140 digne
562 1096 628 1140 agit
651 1096 900 1131 solennitatem
922 1097 1092 1130 tubarum.

138 1157 191 1191 10.
237 1157 297 1190 Est
321 1158 432 1191 adhuc
458 1167 490 1191 et
509 1159 573 1192 alia
595 1157 760 1198 festivitas,
786 1167 863 1190 cum
883 1157 1038 1200 affligunt
1054 1157 1181 1191 animas

49 1231 143 1258 suas,
173 1227 206 1252 et
233 1219 413 1253 humiliant
435 1233 470 1253 se
493 1220 571 1254 Deo
594 1222 675 1254 festa
701 1220 918 1253 celebrantes.
966 1218 996 1252 Ο
1023 1218 1108 1252 mira
1132 1219 1181 1252 se-

49 1279 190 1323 stivitas,
222 1281 291 1315 dies
322 1283 423 1315 festus
453 1291 594 1315 vocatur
626 1281 764 1315 afflictio
798 1280 939 1314 animae.
989 1280 1054 1314 Hic
1079 1281 1182 1319 enim,

48 1341 177 1386 inquit,
210 1342 279 1376 dies
311 1352 358 1376 est
384 1343 636 1388 propitiationis
660 1342 791 1376 decima
816 1343 871 1376 die
895 1342 1016 1376 mensis
1039 1341 1181 1387 septimi.

49 1403 139 1437 Vide
170 1415 267 1445 ergo,
297 1403 323 1437 si
346 1404 393 1438 vis
418 1404 506 1438 diet-n
530 1407 650 1440 festum
675 1413 791 1447 agere,
822 1404 849 1438 si
881 1404 947 1443 vis,-
977 1413 1015 1436 ut
1037 1404 1182 1437 laetetur

49 1464 144 1498 Deus
174 1479 276 1510 super
304 1475 354 1506 te,
392 1467 503 1509 afflige
534 1468 682 1501 animam
712 1476 824 1507 tuam,
861 1475 892 1499 et
923 1464 1065 1498 humilia
1095 1478 1180 1498 eam.

51 1527 131 1561 Non
155 1527 185 1561 ei
208 1528 379 1572 permittas
402 1530 535 1574 explere
562 1528 726 1564 desideria
756 1542 833 1570 sua,
864 1541 928 1561 nec
959 1527 1127 1561 concedas
1152 1527 1183 1560 ei

49 1587 191 1622 lasciviis
216 1590 362 1631 evagari,
390 1591 449 1624 sed
480 1593 515 1624 in
547 1597 713 1636 qnantum
743 1591 818 1625 fieri
846 1598 976 1635 potest,
1008 1589 1117 1629 afflige
1150 1598 1183 1621 et

50 1649 191 1684 humilia
220 1663 305 1684 eam.
357 1651 517 1696 Denique
546 1653 694 1687 Paschae
725 1654 882 1687 festivitas
911 1660 944 1684 et
975 1661 1183 1697 azymorum,

49 1724 174 1757 panem
199 1711 391 1746 afflictionis
421 1713 548 1748 habere
577 1715 715 1748 dicitur:
745 1721 809 1747 nec
839 1716 950 1758 potest
980 1712 1053 1756 quis
1085 1723 1183 1752 agere

52 1772 143 1806 diem
178 1774 316 1814 festum,
357 1774 420 1809 nisi
456 1776 647 1811 afflictionis
682 1783 808 1822 panem
843 1771 1114 1812 manducaverit,
1149 1780 1182 1805 et

51 1835 305 1869 manducaverit
332 1837 455 1881 pascha
489 1851 566 1872 cum
599 1838 833 1872 amaritudine.
879 1834 1131 1869 Manducabitis
1145 1834 1182 1877 ⁵)

146 2035 182 2081 Γ)
205 2035 339 2069 Desunt
361 2035 481 2068 verba:
503 2043 627 2078 „atque
649 2031 885 2076 apostolicas,“
906 2031 941 2064 in
967 2030 1018 2063 ed.
1045 2029 1161 2063 Ruaei.

144 2091 182 2135 ²)
206 2091 293 2124 Cod.
310 2092 415 2125 sancti
429 2088 658 2123 Theoderici:
683 2098 793 2134 „quae
816 2089 906 2121 velut
934 2087 1071 2121 coelesti
1096 2099 1178 2131 qua-

54 2139 132 2172 dam
156 2145 342 2183 personant
365 2136 479 2169 tuba.“
509 2136 552 2168 R.

145 2195 182 2235 ἒ’)
209 2191 297 2225 Edd.
322 2192 476 2225 Merlini:
500 2199 670 2235 personat.
765 2188 801 2231 ⁴)
828 2188 899 2223 Cfr.
923 2189 1026 2222 Num.
1051 2189 1094 2221 X.

145 2248 180 2290 ⁵)
205 2247 274 2280 Cfr.
302 2248 408 2281 Exod.
433 2247 510 2286 XII,
531 2247 563 2281 8.
