1427 2460
317 105 354 128 ιΝ
378 95 556 131 Nummos
581 94 743 129 ΗοΜιιιΑ
764 95 910 129 XXVII.
1111 98 1178 132 357

14 204 18 224 .‘
45 182 225 217 laudabilis
249 184 398 218 tentatio.
445 184 494 217 Ex
519 185 582 217 hac
607 184 737 218 venitur
761 186 803 218 ad
817 186 1000 227 Macelath,
1025 188 1118 231 quod
1133 197 1179 220 est

44 244 264 290 principatus,
287 246 340 278 vel
364 246 463 288 virga.
509 246 559 278 Ex
585 255 731 290 utroque
755 259 834 279 vero
859 255 1006 291 poteStas
1031 247 1177 280 indicari

14 316 15 319 ’
43 306 194 347 videtur,
218 316 250 339 et
274 308 368 351 quod
392 306 504 341 anima
530 321 570 340 eo
597 321 703 352 usque
726 309 925 352 profecerit,
958 318 996 341 ut
1020 308 1177 342 domine-

14 388 15 414 3
43 376 100 400 tur
122 367 276 413 corpori,
312 376 344 400 et
366 368 438 412 ipsa
461 368 497 401 in
520 369 606 402 illud
637 369 761 411 virgam
799 370 971 413 potestatis
1005 369 1175 412 obtineat:

13 447 15 472 }
42 427 113 461 imo
138 442 211 462 non
233 429 345 463 solum
370 430 520 474 corpori,
542 431 601 463 sed
627 439 658 462 et
683 430 838 463 universo
864 432 1006 470 mundo,
1031 445 1108 464 cum
1124 432 1175 464 di-

13 498 15 516 2
44 490 105 524 cit:
129 490 233 530 „mihi
248 490 282 535 ¹)
308 501 419 524 autem
436 492 583 524 mundus
597 490 774 525 crucifixus
800 500 857 532 est,
882 501 914 525 et
931 505 991 534 ego
1009 492 1176 526 mund0.“

12 527 14 588 l
39 551 126 584 Inde
150 551 281 586 venitur
303 551 338 585 in
364 561 517 585 montem
543 553 687 597 Sephar,
711 553 805 597 quod
831 552 1030 586 tubicinatio
1057 554 1174 598 appel-

11 597 14 635 l
41 613 140 647 latur.
188 613 288 647 Tuba
311 613 444 655 signum
469 614 551 647 belli
576 623 633 648 est.
680 614 787 656 Igitur
809 613 869 646 ubi
892 627 926 647 se
949 614 1048 647 tantis
1063 628 1101 647 ac
1122 623 1174 648 ta·-

39 736 83 768 ad
106 736 247 776 bellum,
270 737 366 781 quod
392 746 439 769 est
463 735 493 769 ei
518 737 674 770 adversus
698 736 916 782 principatus,
941 745 1173 782 etpotestates,

10 789 12 825 ἶ
39 807 72 830 et
94 798 272 830 adversum
296 797 416 830 mundi
440 807 610 831 rectores:
634 799 684 830 vcl
710 807 798 830 certe
812 798 892 830 tuba
919 797 1053 831 canitin
1068 799 1171 830 verbo

10 885 13 892 ι
37 858 116 898 Dei,
140 858 402 903 praedicationis
424 858 550 891 scilicet
575 869 605 891 et
629 859 815 898 doctrinae,
838 868 875 891 ut
900 859 957 891 det
979 858 1170 900 significan-

9 935 11 940 ·
37 929 106 953 tem
130 932 250 952 vocem
274 933 336 964 per
359 920 486 960 tubam,
511 929 548 952 ut
561 920 617 964 qui
643 919 797 960 audierit,
821 932 1024 965 praeparare
1038 933 1073 953 se
1089 933 1170 965 pos-

36 980 77 1014 sit
100 981 144 1014 ad
167 980 307 1014 bellum.
352 979 436 1013 Post
458 980 541 1013 haec
566 983 697 1014 venitur
719 995 822 1026 super
847 981 1051 1022 charadath,
1076 982 1170 1026 quod

35 1042 71 1076 in
100 1051 214 1076 nostra
247 1042 361 1084 lingua
389 1051 487 1075 sonat
517 1043 663 1076 idoneus
695 1044 850 1075 effectus:
881 1044 1035 1086 profecto
1069 1051 1106 1075 ut
1138 1053 1170 1075 et

37 1104 109 1150 ipse
133 1104 233 1145 dicat,
259 1103 337 1148 quia
362 1102 528 1144 „idoneos
540 1103 577 1148 2>
601 1117 663 1137 nos
687 1103 765 1136 fecit
788 1102 959 1137 ministros
972 1103 1052 1137 novi
1070 1113 1168 1136 testa—

7 1174 9 1194 1
38 1165 177 1199 menti.“
221 1165 307 1199 Inde
331 1164 462 1198 mansio
488 1165 630 1197 habetur
654 1165 744 1209 apud
770 1165 962 1205 Maceloth,
999 1166 1091 1209 quod
1118 1164 1169 1196 in-

6 1250 7 1253 =
34 1236 239 1272 terpretatur
259 1227 302 1259 ab
327 1225 432 1260 initio.
482 1226 744 1271 Contemplatur
767 1239 923 1270 namque,
950 1226 1006 1269 qui
1024 1226 1065 1257 ad
1084 1238 1166 1257 con—

6 1320 7 1334 ]
34 1286 291 1332 templationem
317 1288 434 1328 tendit,
457 1286 592 1320 initium
617 1300 741 1326 rerum,
765 1287 834 1319 imo
848 1286 961 1331 potius
987 1295 1106 1319 cuncta
1125 1287 1168 1319 ad

6 1339 7 1354 ³
36 1362 114 1383 eum
140 1349 258 1388 refert,
289 1349 347 1392 qui
372 1358 442 1381 erat
464 1348 499 1381 in
522 1346 712 1392 principio,
744 1361 806 1380 nec
831 1349 872 1380 ab
898 1349 961 1380 isto
986 1347 1082 1380 initio
1108 1348 1167 1380 ati-

5 1405 7 1438 Ᾰ
35 1411 174 1457 quando
190 1409 339 1444 discedit.
362 1409 446 1442 Post
459 1409 542 1442 haec
566 1410 604 1442 fit
627 1409 759 1442 mansio
786 1410 820 1442 in
847 1409 1047 1453 Cataa1h3),
1072 1409 1166 1454 quod

33 1482 81 1506 est
107 1470 332 1510 confirmatio,
357 1471 408 1502 vel
431 1470 603 1514 patientia.
649 1471 791 1503 Necesse
815 1480 863 1503 est
889 1471 978 1503 enim
995 1484 1083 1510 eum,
1109 1469 1166 1514 qui

32 1535 103 1568 vult
127 1533 225 1567 etiam
250 1532 321 1565 aliis
345 1532 522 1576 prodesse,
552 1533 657 1564 multa
682 1532 770 1577 pati,
793 1541 826 1565 et
850 1541 970 1565 cuncta
993 1533 1081 1565 ferre
1105 1546 1165 1575 pa-

3 1606 5 1610 '
30 1598 164 1636 flenter,
187 1594 272 1627 sicut
297 1593 339 1625 de
350 1592 458 1624 Paulo
477 1593 606 1625 dictum
624 1603 686 1627 est:
713 1607 797 1635 „ego
811 1593 847 1637 ⁴²)
873 1592 963 1626 enim
989 1594 1164 1627 ostendam

33 1657 74 1697 ei,
99 1665 224 1701 quanta
256 1662 414 1699 oporteat
447 1666 525 1686 eum
558 1668 622 1698 pro
654 1655 794 1688 nomine
824 1654 893 1698 pati
924 1659 1034 1688 me0.“
1079 1656 1164 1688 Inde

3 1706 5 1730 Ξ
32 1719 165 1752 venitur
187 1717 319 1755 Thara,
354 1715 448 1759 quod
473 1716 565 1758 apud
600 1729 662 1748 nos
692 1714 889 1757 intelligitur
920 1716 1161 1759 contemplatio

2 1781 3 1784 ¹
32 1778 191 1824 stuporis.
238 1777 318 1810 Non
343 1790 523 1822 possumus
556 1776 591 1809 in
616 1776 731 1810 Latina
765 1777 876 1819 lingua
903 1789 972 1809 uno
1005 1789 1162 1809 sermone

2 1832 3 1835 Ἴ
30 1840 218 1885 exprimere
233 1839 373 1872 verbum
389 1838 570 1877 Graecum,
595 1838 688 1882 quod
707 1837 755 1871 illi
779 1838 947 1872 ἔκστασιν
970 1847 1103 1877 vocant,
1126 1838 1161 1871 id

1 1900 3 1904 Α
32 1912 89 1943 est,
114 1916 192 1935 cum
215 1914 280 1946 pro
305 1898 446 1945 alicujus
471 1912 611 1942 magnae
634 1898 681 1932 rei
707 1899 933 1932 admiratione
956 1898 1160 1943 obstupescit

128 2062 163 2106 ¹)
192 2062 302 2095 Galat.
326 2061 384 2101 VI,
407 2062 460 2095 14.
555 2061 592 2106 ²)
622 2061 651 2094 11
676 2061 758 2096 Cor.
782 2060 841 2100 111,
864 2062 895 2095 6.

123 2117 162 2161 ³)
185 2118 274 2151 Edd.
299 2117 347 2151 M.
365 2126 396 2149 et
409 2118 449 2149 R.
473 2117 509 2150 in
532 2127 639 2150 textu:
664 2117 833 2157 „Caath:“
857 2117 907 2150 ed.
932 2126 1046 2149 tamen
1061 2116 1101 2148 R.
1124 2115 1159 2148 in

31 2163 138 2197 notis:
164 2160 406 2202 „voxCaath
430 2172 590 2207 corrupta
614 2171 670 2202 est,
696 2171 729 2195 et
750 2162 930 2204 legendum
956 2159 1161 2194 Cataatlt

32 2221 111 2242 cum
134 2208 240 2240 LXX.
264 2208 598 2252 interpretibus.“--
623 2206 692 2241 Cfr.
715 2209 818 2241 Num.
841 2206 1007 2246 XXXIII,
1027 2207 1081 2241 26.
1104 2205 1159 2240 27.

121 2264 160 2308 ⁴)
184 2266 257 2297 Act.
281 2263 343 2304 1x,
366 2264 418 2298 16.
