1427 2460
390 70 426 92 ιΝ
450 59 629 91 Nummos
652 57 813 91 ΗοΜιιιΑ
831 57 908 90 ΧῙΙ.
1155 58 1222 92 133

88 151 176 189 stoli,
200 158 283 194 puto
309 159 340 181 et
363 162 401 181 ex
425 160 467 180 eo
490 144 596 180 facile‘
611 148 752 191 probari
776 160 893 192 posse,
918 148 1012 193 quod
1038 147 1082 179 de
1105 146 1218 178 omni-

87 211 150 242 bus
174 208 386 242 credentibus
409 207 550 240 dicitur:
582 221 661 247 „vos
677 208 711 252 ¹)
742 196 853 241 auten]
879 220 982 249 genus
1005 207 1136 249 regale,
1164 219 1216 239 sa-

88 269 278 303 cerdotium
300 282 480 312 magnum,
516 282 594 311 gens
617 273 764 302 sancta.“
817 270 854 303 Si
888 282 967 311 ergo
999 268 1077 302 illos
1100 268 1219 301 dieunt

86 344 188 373 reges,
211 331 269 374 qui
292 342 354 374 per
377 331 518 364 verbum
541 331 695 375 ipsorum
719 330 955 370 crediderunt,
992 339 1122 374 quanto
1144 339 1222 361 ma:

88 394 134 435 gis
158 392 221 436 ipsi
250 404 342 433 reges
373 392 523 425 habendi
554 401 651 432 sunt,
682 391 740 436 qui
770 392 900 425 faciunt
929 392 1046 433 reges?
1093 392 1163 425 Sed
1186 400 1219 424 et

86 453 167 485 inde
189 453 287 485 facile
310 452 489 494 colligitur.
542 453 579 487 Si
602 454 693 486 euim
717 466 809 496 reges
834 467 852 486 a
875 453 1024 495 regendo
1050 453 1219 491 dicuntur,

88 527 205 547 omnes
228 513 356 559 utique,
381 516 439 559 qui
463 515 617 549 ecclesias
642 515 708 548 Dei
732 525 868 558 regunt,
894 528 986 558 reges
1009 514 1132 547 merito
1157 526 1219 557 ap—

85 576 324 619 pellabuntur,
358 577 466 609 multo
491 586 604 610 autem
626 577 750 610 rectius
772 578 840 617 illi,
877 578 934 622 qui
965 585 998 609 et
1027 576 1105 610 illos
1127 575 1219 620 ipsos

88 636 185 669 dictis
211 645 312 681 atque
335 638 466 682 scriptis
489 638 555 672 suis
578 648 709 681 regunt,
735 652 753 670 a
778 639 900 682 quibus
924 647 1087 679 reguntur
1111 637 1218 670 eccle—

86 698 163 731 siae.
211 698 255 730 Et
278 709 420 743 propter
448 700 514 733 hoc
543 701 666 733 merito
698 699 869 732 Dominus
898 712 955 732 rex
985 712 1103 741 regum
1136 698 1219 731 dici-

88 759 201 802 tur.²)
247 760 319 793 Nisi
343 761 434 793 enim
456 761 519 800 isti,
544 771 576 794 et
599 761 718 801 ceteri,
749 761 807 805 qui
831 761 1104 799 eos-imitantur,
1127 772 1221 802 reges

88 821 223 860 suerint,
244 821 302 853 ille
324 834 397 854 non
419 820 590 855 videbitur
613 836 670 855 rex
695 835 819 864 regum.
874 822 943 855 Sed
977 831 1007 855 et
1038 822 1111 866 ipse
1134 834 1220 866 apo—

88 883 194 915 stolus
219 882 344 918 Paulus
370 882 556 916 Corinthiis
579 884 751 923 scribens,
789 894 821 916 et
851 885 941 916 velut
964 897 1024 929 per
1048 885 1220 928 quandam

87 942 235 976 ironiam
261 943 448 988 corripiens
473 958 549 984 eos,
587 944 649 977 ait:
688 944 831 990 „sine³)
867 945 966 979 nobis
995 944 1155 986 regnatis:
1190 954 1224 976 et

92 1003 218 1037 utinam
242 1005 395 1047 regnetis,
420 1016 458 1038 ut
481 1016 512 1039 et
536 1020 605 1046 no&
625 1006 799 1040 vobiscum
824 1010 1036 1049 regnemus.“
1089 1007 1129 1038 In
1152 1019 1222 1050 quo

92 1066 207 1110 utique
240 1075 332 1109 reges
361 1067 500 1111 quidem
537 1081 606 1101 esse
637 1069 762 1101 debere
796 1067 1012 1107 Corinthios,
1048 1078 1080 1100 et
1119 1077 1225 1100 semet

91 1127 203 1171 ipsum
235 1140 312 1170 eug]
343 1127 380 1161 iis
413 1141 553 1170 regnare
584 1130 669 1162 velle
700 1128 919 1173 pronuntiat,
957 1130 1015 1162 sed
1041 1128 1224 1161 elationem

91 1190 246 1221 nondum
277 1203 343 1233 pro
376 1189 497 1222 merito
528 1191 663 1224 assumti
695 1191 836 1223 honoris
865 1191 1004 1223 incusat.
1072 1189 1226 1223 Fodiunt

92 1263 171 1291 ergo
198 1249 220 1282 ii
244 1263 362 1286 omnes
386 1259 527 1294 puteum
550 1251 650 1284 istum
677 1251 863 1296 principes,
899 1261 931 1284 et
953 1253 1124 1284 excudunt
1147 1264 1225 1283 eum

90 1323 182 1352 reges
205 1311 364 1352 gentium.
412 1311 570 1356 Apostoli
594 1312 892 1356 enim-praecipue
922 1325 1014 1354 reges
1044 1323 1122 1345 sunt
1147 1325 1227 1354 gen—

94 1371 196 1410 tium,
234 1372 292 1416 qui
316 1382 427 1414 gentes
451 1373 494 1405 ad
519 1373 749 1405 obedientiam
782 1373 864 1407 fidei
895 1383 1159 1416 congregarunt,
1197 1382 1229 1405 et

94 1433 216 1467 Christi
243 1433 415 1466 scientiam
443 1435 603 1468 omuibu's
627 1435 879 1478 patefecerunt:
910 1434 1017 1478 ‚,in¹²)
1047 1448 1117 1479 quo
1149 1443 1227 1466 sunt

92 1494 240 1528 thesauri
263 1494 446 1539 sapientiae
462 1495 528 1528 Dei
544 1505 575 1528 et
598 1495 756 1529 scientiae
781 1497 974 1530 absconditi
984 1500 1014 1529 :“
1037 1497 1227 1529 secundum

92 1566 312 1601 praeceptum
330 1556 473 1589 Domini
496 1557 744 1591 circumeuntes
758 1556 794 1601 ⁵)
819 1559 940 1591 orbem
966 1568 1084 1597 terrae,
1108 1567 1142 1590 et
1164 1557 1229 1590 im-

92 1619 239 1662 plentes,
274 1619 368 1661 quod
393 1619 592 1651 mandatum
617 1628 681 1658 est,
718 1628 755 1651 ut
785 1619 931 1652 doceant
963 1631 1080 1651 omnes
1104 1627 1227 1660 gentes,

93 1678 301 1721 baptizantes
325 1691 378 1712 eas
401 1679 437 1712 in
462 1679 604 1712 nomine
627 1679 746 1720 Patris,
770 1689 803 1712 et
826 1680 916 1720 Filii,
940 1690 972 1712 et
988 1679 1132 1724 Spiritus
1150 1692 1227 1713 san—

94 1739 154 1772 cti:
180 1749 211 1772 et
237 1754 299 1784 per
322 1741 404 1773 haec
429 1743 655 1781 excuderunt,
682 1742 747 1774 hoc
772 1752 837 1781 est,
862 1743 1096 1785 patefecerunt
1118 1741 1228 1773 scien-

93 1802 174 1834 tiam
199 1801 309 1845 putei,
344 1792 377 1834 et
399 1801 436 1834 in
459 1801 615 1834 notitiam
639 1803 802 1836 universis
825 1803 978 1850 gentibus
1003 1802 1229 1835 adduxerunt.
1261 1814 1263 1816 ·

95 1863 163 1895 Sed
188 1871 220 1894 ut
245 1862 388 1906 haec,⁶)
402 1875 489 1906 quae
511 1876 604 1896 nunc
627 1863 792 1896 habemus
815 1864 850 1896 in
875 1864 1042 1904 manibus,
1065 1877 1152 1908 quae
1175 1877 1228 1896 re-

192 2008 228 2050 ¹)
253 2007 264 2038 l
291 2007 380 2040 Petr.
405 2007 448 2047 ll,
471 2008 502 2042 9.

152 2060 158 2067 ’
191 2062 227 2106 ²)
253 2061 324 2095 Csr.
351 2064 494 2107 Apocal.
518 2062 614 2102 XIX,
640 2064 691 2098 16.

144 2147 150 2152 .
191 2118 228 2162 ³)
253 2118 267 2150 I
294 2117 374 2151 Cor.
399 2119 458 2159 lv,
481 2120 512 2153 8.
607 2118 644 2163 ⁴¹)
670 2118 802 2153 Coloss.
831 2120 872 2159 ll,
895 2121 927 2154 3.

192 2173 229 2216 ⁵)
255 2173 325 2206 cfr.
349 2174 471 2207 Mattb.
496 2174 661 2215 xxvm,
686 2175 738 2210 19.
763 2176 817 2209 20.

197 2231 240 2275 ὅ)
269 2230 374 2264 Deest
396 2229 520 2270 „hat-&⁶
544 2230 581 2264 in
609 2231 663 2265 ed.
692 2230 732 2264 R.
