1427 2460
354 69 389 92 m
414 60 590 93 Nummos
614 55 773 89 Horam».
790 56 899 88 xvn.
1121 59 1184 93 211

61 159 182 183 morat.
231 148 286 182 Ait
311 147 418 181 enim:
457 158 580 190 „quam
601 145 636 190 ¹)
666 146 778 178 bonae
810 146 934 179 domus
966 155 1041 180 tuae
1063 146 1186 187 Jacob,

59 211 276 245 tabernacula
299 218 355 242 tua
377 206 495 242 Israel!
518 207 566 240 Ut
588 220 730 240 nemora
746 206 950 247 umbrantia,
973 217 1005 251 qt
1027 217 1064 241 ut
1087 221 1186 253 para-

59 272 121 306 disi
146 285 246 317 super
268 268 440 303 flumina.“
486 268 531 301 Et
554 282 686 302 rursum
710 269 928 302 tabernacula
959 271 1186 303 tabernaculis

54 321 247 378 comparat,
271 340 310 363 ·et
341 329 439 362 dicit:
487 330 595 373 „et²)
625 330 709 363 sicut
736 331 973 370 tabernacula,
1006 344 1092 374 quac
1116 331 1187 364 fixit

55 394 256 428 Dominus.“
290 391 406 424 Potest
424 403 503 433 ergo
530 400 562 424 et
585 391 648 424 alia
672 400 750 436 post
772 392 856 432 illas,
881 404 963 436 quas
978 404 1080 436 supra
1103 405 1185 436 pro—

54 453 207 492 tulimus,
239 452 345 496 recipi
377 451 560 497 expositio,
590 462 627 485 ut
652 453 802 486 dicamus
835 453 957 486 domus
980 453 1090 486 Jacob
1115 466 1185 486 esse

52 516 170 557 legem,
193 523 225 548 et
247 514 464 548 tabernacula
490 513 591 546 Israel
616 514 810 558 prophetas.
858 515 937 547 Non
956 514 1045 548 enim
1069 514 1181 559 ipsum

51 576 173 617 Jacob,
197 577 256 609 sed
273 576 395 608 domus
419 574 489 620 ejus
503 574 636 607 laudat:
659 587 722 607 nec
736 576 846 619 ipsum
861 574 972 615 Israel,
995 577 1053 609 scd
1071 576 1184 609 taber—

49 637 173 670 nacula
197 635 285 682 ejus,
314 645 346 669 et
368 645 450 669 tunc
481 648 519 669 ea
550 636 681 675 laudat,
711 649 788 669 cum
815 636 951 669 revelati
984 645 1062 669 sunt
1093 637 1184 670 oculi

51 696 129 742 ejus.
168 697 342 741 Quamdiu
368 696 458 730 enim
482 697 634 738 velamen
652 696 799 741 positum
824 705 872 729 est
887 697 1183 741 superlectionem

49 758 129 801 legis
160 768 192 792 et
220 758 486 803 prophetarum,
526 771 599 791 non
634 757 792 792 ,videntur
829 758 922 790 bona
953 758 1184 798 tabernacula,

49 832 114 853 nec
145 820 332 853 laudabiles
347 820 488 852 domus.
535 818 605 851 Ubi
640 828 754 851 autem
785 818 937 851 ablatum
969 819 1072 852 fuerit
1088 821 1183 867 gela-

49 893 150 920 men,
173 889 205 913 ct
227 880 367 923 intelligi
392 880 544 925 coeperit
567 880 631 920 lex,
656 879 734 924 quia
757 879 940 925 spiritualis
965 889 1021 920 est,
1046 889 1078 914 et
1100 893 1185 925 pro-

47 942 188 987 phetae:
213 951 294 975 tunc
320 942 433 975 bonae
458 950 490 974 et
513 941 728 975 admirabiles
753 942 877 975 domus
899 939 1022 980 Jacob,
1047 951 1079 975 et
1100 951 1182 975 tunc

49 1003 249 1036 admiranda
281 1012 381 1036 crunt
414 1003 633 1036 tabernacula
666 1003 785 1043 lsrael,
817 1015 894 1035 curn
927 1011 1042 1035 amota
1075 1001 1183 1042 litera,

49 1077 138 1109 quae
159 1064 299 1103 occidit,
328 1063 550 1097 vivificantem
582 1077 621 1097 ex
652 1064 690 1098 iis
714 1064 891 1109 percipere
921 1063 1076 1108 spiritum
1102 1077 1181 1097 coe·

48 1125 148 1170 peris.
204 1125 320 1158 Potest
356 1125 466 1158 adhuc
501 1134 534 1158 et
566 1125 633 1159 alio
665 1125 775 1158 modo
804 1124 963 1167 intelligi,
991 1134 1028 1158 ut
1060 1125 1182 1170 populi

50 1186 214 1220 credentis
239 1195 271 1220 et
292 1186 433 1231 perfecti
462 1184 580 1231 hujus,
611 1187 669 1231 qui
701 1188 744 1219 ad
770 1185 943 1219 Christum
967 1198 1005 1218 ex
1028 1186 1183 1228 gentibus

49 1256 269 1289 congregatus
284 1256 342 1288 est,
362 1259 509 1290 corpora
528 1247 628 1281 simul
643 1247 775 1280 laudari
793 1247 973 1280 videantur
986 1255 1018 1279 et
1031 1245 1181 1280 animae:

47 1317 80 1341 et
101 1307 211 1341 Jacob
237 1307 374 1352 quidem
400 1308 521 1342 domus
551 1308 595 1341 de
619 1307 823 1352 corporibus
851 1307 1000 1347 dicatur,
1030 1307 1116 1340 sicut
1150 1317 1182 1341 et

49 1368 86 1401 in
108 1369 227 1408 libello
253 1368 404 1413 quodam
429 1367 568 1410 legitur,
599 1367 677 1412 quia
699 1368 811 1401 Jacob
843 1368 965 1401 domus
996 1368 1038 1401 sit
1061 1369 1183 1402 Israel:

33 1430 115 1463 'hoc
139 1439 202 1471 est,
227 1442 353 1474 corpus
379 1428 449 1475 ejus
473 1430 584 1463 Jacob
609 1430 754 1470 dicatur,
779 1439 811 1462 et
834 1429 946 1462 anima
970 1429 1081 1464 Israel.
1130 1430 1184 1464 Si·

48 1491 174 1525 militer
207 1503 288 1533 ergo
319 1499 353 1524 et
382 1492 612 1536 perfectorum
645 1503 862 1536 quorumque
887 1503 1034 1536 corpora
1063 1492 1180 1526 lauda·

47 1552 132 1586 biles
158 1553 280 1586 domus
305 1565 374 1586 esse
399 1553 562 1586 dicantur.
606 1553 718 1587 Jacob
751 1562 798 1586 est
829 1551 918 1586 enim
952 1566 1077 1599 corpus
1107 1555 1181 1587 lau-

49 1613 183 1654 dabile,
203 1626 282 1647 cum
305 1613 529 1654 continentia,
553 1623 586 1648 et
610 1615 773 1655 castitate,
795 1627 1044 1659 nonnunquam
1068 1624 1179 1648 autem

50 1674 150 1708 etiam
186 1677 265 1708 cum
303 1675 466 1722 martyrio
507 1677 699 1710 decoratur.
757 1675 992 1709 Tabernacula
1026 1689 1106 1709 vero
1138 1678 1181 1710 ad

49 1735 177 1769 animas
200 1737 366 1782 perfectas
389 1737 510 1770 referri
532 1746 694 1782 possunt,
726 1737 849 1782 quibus
882 1746 915 1770 et
936 1749 1066 1770 nomen
1091 1751 1108 1770 a
1133 1738 1182 1771 vi·-

50 1797 165 1830 dcndo
183 1797 297 1830 Deum
323 1797 480 1831 convenit
502 1797 643 1832 Israelis.
657 1799 695 1844 ³)
741 1798 805 1832 lata
828 1808 939 1832 autem
963 1798 1181 1832 tabernacula

48 1867 136 1898 sunt,
159 1857 280 1903 inquit,
302 1858 387 1892 sicut
403 1857 439 1902 ⁴¹)
463 1872 626 1900 „nemora
649 1859 853 1901 umbrantia,
875 1869 908 1892 et
931 1858 1016 1892 sicut
1034 1859 1182 1904 paradisi

49 1932 152 1964 super
182 1919 341 1959 flumina,
377 1928 411 1952 et
445 1920 534 1953 sicut
564 1921 796 1963 tabernacula,
836 1933 922 1965 quae
955 1921 1026 1954 fixit
1054 1921 1181 1953 Deus.“

51 1980 128 2013 Alia
153 1993 232 2023 ergo
258 1981 473 2014 tabernacula
501 1983 644 2015 ostendit
675 1995 760 2021 esse,
790 1995 875 2026 quae
906 1982 975 2014 fixit
1000 1976 1182 2022 Dominus,

145 2118 180 2161 ¹)
204 2118 305 2151 Num.
331 2118 459 2159 XXIV,
483 2122 513 2153 5.
538 2121 570 2154 6.
676 2120 714 2164 ²)
739 2121 839 2153 Num.
865 2119 991 2158 XXIV,
1013 2121 1045 2153 6.

143 2174 178 2217 ³)
204 2174 267 2207 Ed.
292 2174 400 2207 Ruaei
423 2175 513 2208 sola:
547 2175 668 2209 Israeli.

143 2229 180 2273 ⁴)
204 2231 304 2262 Num.
329 2229 462 2269 XXlV,
486 2232 516 2265 6.

154 2298 157 2301 “
841 2293 880 2324 14
900 2294 913 2308 ¹*
