1427 2460
356 82 392 106 m
417 73 596 105 Nummos
622 70 781 104 ΗοΜιιῐΑ
804 72 899 104 ΧΧΙ,
1135 73 1204 108 263

61 174 169 194 autem
196 162 349 202 exiguum
374 161 501 205 aliquid
528 161 570 193 de
603 170 688 193 terra
724 170 998 205 consequuntur,
1032 162 1089 205 qui
1124 162 1202 206 plus

60 223 93 256 in
120 222 274 256 Domino
299 224 439 256 habent:
472 220 577 266 alii¹)
609 230 720 255 autem
754 222 837 255 nihil
870 223 1012 256 omnino
1046 232 1198 256 terrenae

62 283 272 318 haereditatis
295 284 483 328 accipiunt,
507 284 533 317 si
559 284 617 328 qui
644 284 736 326 digni
762 284 886 317 fuerint
911 285 1103 318 sacerdotes
1130 298 1198 318 esse

61 356 94 379 et
122 346 263 378 ministri
287 345 372 385 Dei;
407 345 532 378 horum
566 347 656 378 enim
691 359 728 379 ex
761 346 891 389 integro
924 347 994 390 ipse
1025 347 1198 379 Dominus

61 407 244 441 haereditas
267 406 338 441 erit.
374 407 418 440 Et
440 407 513 452 quis
533 407 577 440 ita
602 409 720 441 heatus
745 417 801 446 est,
825 417 862 441 ut
886 409 936 440 vel
960 407 1048 441 inter
1070 420 1198 452 paucos

60 468 213 510 exiguum
243 478 352 502 terrae
383 469 544 513 accipiat,
585 468 635 501 vel
666 468 755 502 inter
786 470 912 503 electos
942 471 1135 503 sacerdotes
1167 478 1198 501 et

58 530 226 564 ministros
250 531 361 564 solum
379 531 493 563 Deum
519 543 641 575 capere
664 530 878 564 haereditatis
899 535 992 564 sorte
1008 530 1199 564 mereatur?

59 591 150 625 Licet
179 592 277 625 etiam
310 591 373 636 ipsi
405 601 547 636 propter
578 590 728 636 jumenta
759 585 838 625 sua·
861 593 1031 636 accipiant
1068 592 1196 637 aliquid

58 664 182 693 terrae,
211 654 269 688 sed
300 653 389 686 illius
420 661 550 692 terrae,
586 666 672 696 quae
705 653 846 686 urbibus
877 653 1034 696 contigua
1067 663 1133 694 est,
1165 662 1197 686 et

58 716 217 749 adhaeret
248 714 443 748 civitatibus.
493 713 607 747 Potest
638 724 750 747 tamen
781 715 893 748 adhuc
924 723 956 747 et
989 714 1056 747 alio
1088 716 1194 748 modo

59 777 199 818 intelligi
230 789 342 810 sermo
374 775 451 815 iste,
482 774 540 818 qui
574 774 670 815 dicit,
706 785 742 808 ut
772 775 928 820 pluribus
952 776 1198 820 multiplicetur

58 838 255 871 haereditas.
308 837 406 869 Unus
439 836 528 869 enim
560 835 666 881 justus
698 838 888 869 secundum
922 838 1007 876 hoc,
1040 838 1136 881 quod
1158 839 1194 881 ²)

57 910 212 944 acceptus
247 908 293 931 est
324 898 422 938 Deo,
455 910 519 942 pro
560 897 715 942 pluribus
755 899 907 931 habetur.
969 898 1129 942 Denique
1165 908 1196 931 et

55 963 218 1006 scriptum
251 970 314 993 est:
353 960 490 1004 „pe1·³)
527 971 633 991 unum
673 960 857 1004 sapientem
892 960 1140 993 inhabitabitur
1160 960 1197 1004 ⁴)

56 1024 180 1063 civitas,
203 1022 310 1055 tribus
335 1030 446 1053 autem
470 1019 668 1064 iniquorum
696 1021 987 1064 desolabitur.“⁵)
1035 1022 1078 1054 Et
1110 1035 1196 1054 unus

55 1086 159 1132 justus
182 1098 245 1129 pro
271 1092 344 1116 toto
370 1083 502 1115 mundo
536 1091 729 1125 reputatur,
763 1082 871 1127 iniqui
906 1092 1036 1122 autem,
1069 1083 1195 1116 etiamsi

56 1147 151 1180 multi
182 1146 265 1184 sint,
301 1143 408 1185 exigui
444 1152 476 1175 et
506 1156 571 1186 pro
601 1142 710 1175 nihilo
743 1143 917 1176 ducuntur
949 1146 1040 1188 apud
1072 1143 1195 1177 Deum.

57 1209 117 1242 Est
141 1221 220 1250 ergo
245 1216 277 1239 et
300 1205 484 1238 multitudo
511 1203 707 1243 laudabilis,
736 1204 820 1236 sicut
850 1204 1002 1238 videmus
1027 1205 1126 1238 etiam
1153 1206 1194 1238 ad

58 1270 230 1304 Abraham
255 1268 401 1305 dictum,
433 1279 511 1298 cum
545 1265 658 1297 eduxit
688 1278 764 1297 eum
790 1265 885 1298 Deus
917 1268 1025 1306 f'oras,
1059 1276 1091 1299 et
1115 1266 1196 1299 dixit

57 1333 99 1365 ad
116 1343 210 1363 eum:
235 1327 431 1372 ‚,respicc⁶)
444 1327 487 1359 ad
505 1327 650 1366 coelum,
673 1327 700 1359 si
722 1335 817 1370 potes
832 1326 1049 1360 dinumerare
1067 1328 1194 1361 stellas:

55 1393 99 1426 ita
124 1391 187 1425 erit
214 1402 330 1424 semen
354 1392 482 1421 tuum.“
528 1389 567 1420 In
592 1400 661 1431 quo
687 1396 719 1419 et
743 1388 809 1420 hoc
832 1387 982 1428 intuere,
1013 1390 1192 1433 quomodo

55 1453 159 1501 justus
182 1453 272 1486 intus
296 1459 360 1490 est,
390 1459 422 1483 et
450 1449 485 1482 in
510 1448 728 1482 interioribus
751 1461 886 1493 semper
909 1449 1076 1483 consistit:
1114 1450 1192 1495 quia

56 1516 145 1549 intus
167 1515 202 1548 in
235 1511 437 1546 abscondito
471 1520 547 1544 orat
578 1520 727 1555 patrem,
760 1520 791 1543 et
823 1509 935 1544 omnis
966 1511 1070 1553 gloria
1103 1511 1193 1545 filiae

56 1577 158 1620 regis,
188 1574 224 1608 id
255 1583 319 1613 est,
355 1573 486 1606 animae
509 1571 645 1614 regalis,
673 1571 872 1606 intrinsecus
897 1581 964 1613 est;
999 1574 1058 1606 sed
1079 1582 1193 1607 tamen

154 1780 187 1823 ¹)
212 1779 269 1813 Sic
298 1780 425 1813 habent
456 1777 568 1812 Codd.
593 1777 825 1823 manuscripti.
874 1779 966 1812 Libri
1000 1791 1079 1812 vero
1111 1779 1191 1812 editi

59 1826 108 1871 (v.
133 1840 161 1858 c.
186 1825 264 1860 cdd.
287 1823 373 1869 M.):
403 1823 483 1864 „ubi
515 1832 627 1857 autem
659 1822 743 1856 nihil
768 1825 910 1857 omnino
934 1834 1087 1857 terrenae
1110 1825 1191 1858 hae—

59 1870 207 1904 reditatis
230 1869 407 1914 accipiant,
430 1869 456 1902 si
481 1869 538 1913 qui
563 1868 654 1911 digni
678 1868 821 1909 fuerint,
843 1871 1036 1903 sacerdotes
1058 1878 1137 1903 sunt
1160 1878 1193 1902 et

57 1915 228 1949 ministri“
252 1923 314 1948 etc.
340 1914 380 1946 R.

150 1972 187 2013 ²)
211 1971 290 2004 Mss.
314 1970 432 2014 „quod
456 1978 612 2013 acceptus
636 1978 684 2003 cst
707 1969 819 2002 Deo.“
866 1969 961 2004 Libri
985 1969 1065 2005 editi
1089 1970 1137 2014 (v,
1159 1982 1190 2002 A

58 2017 133 2051 edd.
158 2015 246 2059 M.):
270 2015 388 2060 „quod
414 2023 589 2059 acceptum
614 2023 661 2048 est
684 2014 796 2048 Dco.“
820 2015 860 2048 R.

147 2072 186 2116 ³)
211 2071 290 2116 Sap.
316 2071 421 2104 Sirac.
437 2069 573 2110 XV1‚4.
598 2069 861 2114 (Ecclesiastic.)

148 2126 186 2170 ⁴²)
209 2126 274 2160 Ed.
299 2126 406 2160 Ruaei
430 2127 521 2160 sola:
557 2125 773 2160 inhabitatur.

150 2182 187 2227 ⁵)
208 2183 298 2216 Edd.
322 2182 480 2216 Merlini:
511 2181 767 2216 desolabuntur.

150 2238 186 2282 ⁶)
212 2237 333 2273 Genes.
357 2238 434 2277 XV,
456 2239 488 2273 5.
