<?xml version="1.0" encoding="UTF-8"?>
<!DOCTYPE html PUBLIC "-//W3C//DTD XHTML 1.0 Transitional//EN"
    "http://www.w3.org/TR/xhtml1/DTD/xhtml1-transitional.dtd">
<html xmlns="http://www.w3.org/1999/xhtml" xml:lang="en" lang="en">
 <head>
  <title>
</title>
<meta http-equiv="Content-Type" content="text/html;charset=utf-8" />
  <meta name='ocr-system' content='tesseract 3.04.00' />
  <meta name='ocr-capabilities' content='ocr_page ocr_carea ocr_par ocr_line ocrx_word'/>
</head>
<body>
  <div class='ocr_page' id='page_1' title='image "./operaomniaquaegr10orig/operaomniaquaegr10orig_0073.png"; bbox 0 0 1427 2460; ppageno 0'>
   <div class='ocr_carea' id='block_1_1' title="bbox 360 95 1180 133">
    <p class='ocr_par' dir='ltr' id='par_1_1' title="bbox 360 95 1180 133">
     <span class='ocr_line' id='line_1_1' title="bbox 360 95 1180 133; baseline 0.001 -3"><span class='ocrx_word' id='word_1_1' title='bbox 360 107 397 131; x_wconf 78' lang='lat' dir='ltr'>m</span> <span class='ocrx_word' id='word_1_2' title='bbox 421 97 600 130; x_wconf 68' lang='lat' dir='ltr'>Nummos</span> <span class='ocrx_word' id='word_1_3' title='bbox 624 95 785 130; x_wconf 78' lang='lat' dir='ltr'>HommA</span> <span class='ocrx_word' id='word_1_4' title='bbox 813 96 868 133; x_wconf 87' lang='lat' dir='ltr'>VI.</span> <span class='ocrx_word' id='word_1_5' title='bbox 1137 98 1180 131; x_wconf 78' lang='lat'>51</span> 
     </span>
    </p>
   </div>
   <div class='ocr_carea' id='block_1_2' title="bbox 0 184 1187 1945">
    <p class='ocr_par' dir='ltr' id='par_1_2' title="bbox 0 184 1185 1814">
     <span class='ocr_line' id='line_1_2' title="bbox 49 184 1182 232; baseline 0 -12"><span class='ocrx_word' id='word_1_6' title='bbox 49 187 101 220; x_wconf 75' lang='lat' dir='ltr'>vel</span> <span class='ocrx_word' id='word_1_7' title='bbox 126 187 291 232; x_wconf 77' lang='lat' dir='ltr'>templum</span> <span class='ocrx_word' id='word_1_8' title='bbox 316 186 470 220; x_wconf 88' lang='lat' dir='ltr'>Domino</span> <span class='ocrx_word' id='word_1_9' title='bbox 498 185 737 220; x_wconf 80' lang='lat' dir='ltr'>construxisse:</span> <span class='ocrx_word' id='word_1_10' title='bbox 770 195 827 220; x_wconf 83' lang='lat' dir='ltr'>aut</span> <span class='ocrx_word' id='word_1_11' title='bbox 858 198 972 218; x_wconf 87' lang='lat' dir='ltr'>rursus</span> <span class='ocrx_word' id='word_1_12' title='bbox 1000 184 1037 218; x_wconf 89' lang='lat' dir='ltr'>in</span> <span class='ocrx_word' id='word_1_13' title='bbox 1067 195 1182 220; x_wconf 82' lang='lat' dir='ltr'>sancto</span> 
     </span>
     <span class='ocr_line' id='line_1_3' title="bbox 49 246 1183 294; baseline -0.001 -12"><span class='ocrx_word' id='word_1_14' title='bbox 49 249 178 294; x_wconf 88' lang='lat' dir='ltr'>Spiritu</span> <span class='ocrx_word' id='word_1_15' title='bbox 203 247 429 282; x_wconf 78' lang='lat' dir='ltr'>daemonibus</span> <span class='ocrx_word' id='word_1_16' title='bbox 453 247 577 291; x_wconf 83' lang='lat' dir='ltr'>templa</span> <span class='ocrx_word' id='word_1_17' title='bbox 604 246 738 287; x_wconf 82' lang='lat' dir='ltr'>secisse,</span> <span class='ocrx_word' id='word_1_18' title='bbox 769 257 828 280; x_wconf 84' lang='lat' dir='ltr'>aut</span> <span class='ocrx_word' id='word_1_19' title='bbox 851 246 962 290; x_wconf 89' lang='lat' dir='ltr'>impiis</span> <span class='ocrx_word' id='word_1_20' title='bbox 985 246 1183 281; x_wconf 84' lang='lat' dir='ltr'>mulieribus</span> 
     </span>
     <span class='ocr_line' id='line_1_4' title="bbox 47 307 1181 353; baseline -0.001 -10"><span class='ocrx_word' id='word_1_21' title='bbox 47 310 175 344; x_wconf 76' lang='lat' dir='ltr'>flexisse</span> <span class='ocrx_word' id='word_1_22' title='bbox 200 311 302 342; x_wconf 75' lang='lat' dir='ltr'>latera</span> <span class='ocrx_word' id='word_1_23' title='bbox 326 322 395 342; x_wconf 86' lang='lat' dir='ltr'>sua.</span> <span class='ocrx_word' id='word_1_24' title='bbox 450 309 562 341; x_wconf 75' lang='lat' dir='ltr'>Etiam</span> <span class='ocrx_word' id='word_1_25' title='bbox 593 309 648 342; x_wconf 79' lang='lat' dir='ltr'>ille</span> <span class='ocrx_word' id='word_1_26' title='bbox 675 309 858 353; x_wconf 77' lang='lat' dir='ltr'>propheta,</span> <span class='ocrx_word' id='word_1_27' title='bbox 874 308 907 352; x_wconf 88' lang='lat'>¹)</span> <span class='ocrx_word' id='word_1_28' title='bbox 941 308 999 352; x_wconf 89' lang='lat' dir='ltr'>qui</span> <span class='ocrx_word' id='word_1_29' title='bbox 1022 307 1056 341; x_wconf 83' lang='lat' dir='ltr'>in</span> <span class='ocrx_word' id='word_1_30' title='bbox 1081 308 1181 342; x_wconf 88' lang='lat' dir='ltr'>tertio</span> 
     </span>
     <span class='ocr_line' id='line_1_5' title="bbox 47 369 1182 414; baseline -0.001 -10"><span class='ocrx_word' id='word_1_31' title='bbox 47 372 244 413; x_wconf 81' lang='lat' dir='ltr'>Regnorum</span> <span class='ocrx_word' id='word_1_32' title='bbox 268 372 356 404; x_wconf 88' lang='lat' dir='ltr'>libro</span> <span class='ocrx_word' id='word_1_33' title='bbox 381 371 417 404; x_wconf 87' lang='lat' dir='ltr'>in</span> <span class='ocrx_word' id='word_1_34' title='bbox 440 370 561 403; x_wconf 78' lang='lat' dir='ltr'>Bethel</span> <span class='ocrx_word' id='word_1_35' title='bbox 586 370 781 403; x_wconf 70' lang='lat' dir='ltr'>mittebatur</span> <span class='ocrx_word' id='word_1_36' title='bbox 805 383 824 403; x_wconf 80' lang='lat' dir='ltr'>a</span> <span class='ocrx_word' id='word_1_37' title='bbox 847 370 1023 409; x_wconf 85' lang='lat' dir='ltr'>Domino,</span> <span class='ocrx_word' id='word_1_38' title='bbox 1056 369 1091 403; x_wconf 88' lang='lat' dir='ltr'>in</span> <span class='ocrx_word' id='word_1_39' title='bbox 1113 369 1182 414; x_wconf 86' lang='lat' dir='ltr'>spi-</span> 
     </span>
     <span class='ocr_line' id='line_1_6' title="bbox 47 431 1182 477; baseline -0.003 -11"><span class='ocrx_word' id='word_1_40' title='bbox 47 434 115 466; x_wconf 88' lang='lat' dir='ltr'>ritu</span> <span class='ocrx_word' id='word_1_41' title='bbox 146 433 263 477; x_wconf 79' lang='lat' dir='ltr'>utique.</span> <span class='ocrx_word' id='word_1_42' title='bbox 297 432 380 472; x_wconf 82' lang='lat' dir='ltr'>Dei,</span> <span class='ocrx_word' id='word_1_43' title='bbox 416 433 518 464; x_wconf 87' lang='lat' dir='ltr'>verba</span> <span class='ocrx_word' id='word_1_44' title='bbox 550 432 616 464; x_wconf 81' lang='lat' dir='ltr'>Dei</span> <span class='ocrx_word' id='word_1_45' title='bbox 648 433 779 465; x_wconf 82' lang='lat' dir='ltr'>locutus</span> <span class='ocrx_word' id='word_1_46' title='bbox 812 441 876 472; x_wconf 76' lang='lat' dir='ltr'>est;</span> <span class='ocrx_word' id='word_1_47' title='bbox 913 445 985 464; x_wconf 89' lang='lat' dir='ltr'>non</span> <span class='ocrx_word' id='word_1_48' title='bbox 1009 431 1182 465; x_wconf 81' lang='lat' dir='ltr'>tamenin</span> 
     </span>
     <span class='ocr_line' id='line_1_7' title="bbox 45 492 1181 538; baseline -0.001 -12"><span class='ocrx_word' id='word_1_49' title='bbox 45 492 164 537; x_wconf 86' lang='lat' dir='ltr'>spiritu</span> <span class='ocrx_word' id='word_1_50' title='bbox 195 493 261 525; x_wconf 86' lang='lat' dir='ltr'>Dei</span> <span class='ocrx_word' id='word_1_51' title='bbox 292 494 538 537; x_wconf 81' lang='lat' dir='ltr'>praevaricatus</span> <span class='ocrx_word' id='word_1_52' title='bbox 572 506 641 525; x_wconf 85' lang='lat' dir='ltr'>esse</span> <span class='ocrx_word' id='word_1_53' title='bbox 674 503 893 538; x_wconf 82' lang='lat' dir='ltr'>praeceptum</span> <span class='ocrx_word' id='word_1_54' title='bbox 927 492 1069 525; x_wconf 80' lang='lat' dir='ltr'>Domini</span> <span class='ocrx_word' id='word_1_55' title='bbox 1109 505 1181 525; x_wconf 77' lang='lat' dir='ltr'>cre-</span> 
     </span>
     <span class='ocr_line' id='line_1_8' title="bbox 49 553 1180 599; baseline -0.002 -11"><span class='ocrx_word' id='word_1_56' title='bbox 49 556 179 588; x_wconf 89' lang='lat' dir='ltr'>dendus</span> <span class='ocrx_word' id='word_1_57' title='bbox 206 564 268 594; x_wconf 77' lang='lat' dir='ltr'>est,</span> <span class='ocrx_word' id='word_1_58' title='bbox 304 567 372 598; x_wconf 90' lang='lat' dir='ltr'>quo</span> <span class='ocrx_word' id='word_1_59' title='bbox 398 553 504 599; x_wconf 77' lang='lat' dir='ltr'>jussus</span> <span class='ocrx_word' id='word_1_60' title='bbox 538 556 647 587; x_wconf 76' lang='lat' dir='ltr'>suerat</span> <span class='ocrx_word' id='word_1_61' title='bbox 670 568 743 587; x_wconf 88' lang='lat' dir='ltr'>non</span> <span class='ocrx_word' id='word_1_62' title='bbox 766 555 975 586; x_wconf 79' lang='lat' dir='ltr'>manducare</span> <span class='ocrx_word' id='word_1_63' title='bbox 1000 566 1121 598; x_wconf 81' lang='lat' dir='ltr'>panem</span> <span class='ocrx_word' id='word_1_64' title='bbox 1146 554 1180 586; x_wconf 90' lang='lat' dir='ltr'>in</span> 
     </span>
     <span class='ocr_line' id='line_1_9' title="bbox 46 615 1182 660; baseline -0.001 -12"><span class='ocrx_word' id='word_1_65' title='bbox 46 616 178 656; x_wconf 84' lang='lat' dir='ltr'>Bethel,</span> <span class='ocrx_word' id='word_1_66' title='bbox 201 625 345 660; x_wconf 88' lang='lat' dir='ltr'>propter</span> <span class='ocrx_word' id='word_1_67' title='bbox 368 617 463 660; x_wconf 88' lang='lat' dir='ltr'>quod</span> <span class='ocrx_word' id='word_1_68' title='bbox 486 625 517 648; x_wconf 88' lang='lat' dir='ltr'>et</span> <span class='ocrx_word' id='word_1_69' title='bbox 541 629 559 648; x_wconf 85' lang='lat' dir='ltr'>a</span> <span class='ocrx_word' id='word_1_70' title='bbox 583 616 682 648; x_wconf 84' lang='lat' dir='ltr'>leone</span> <span class='ocrx_word' id='word_1_71' title='bbox 706 615 893 659; x_wconf 75' lang='lat' dir='ltr'>perimitur.</span> <span class='ocrx_word' id='word_1_72' title='bbox 949 616 1018 648; x_wconf 78' lang='lat' dir='ltr'>Sed</span> <span class='ocrx_word' id='word_1_73' title='bbox 1043 616 1182 657; x_wconf 82' lang='lat' dir='ltr'>longum</span> 
     </span>
     <span class='ocr_line' id='line_1_10' title="bbox 47 676 1183 722; baseline -0.001 -12"><span class='ocrx_word' id='word_1_74' title='bbox 47 687 96 710; x_wconf 87' lang='lat' dir='ltr'>est</span> <span class='ocrx_word' id='word_1_75' title='bbox 120 677 169 710; x_wconf 88' lang='lat' dir='ltr'>ire</span> <span class='ocrx_word' id='word_1_76' title='bbox 193 690 254 722; x_wconf 88' lang='lat' dir='ltr'>per</span> <span class='ocrx_word' id='word_1_77' title='bbox 279 678 439 719; x_wconf 80' lang='lat' dir='ltr'>singulos.</span> <span class='ocrx_word' id='word_1_78' title='bbox 486 677 559 719; x_wconf 83' lang='lat' dir='ltr'>Ego</span> <span class='ocrx_word' id='word_1_79' title='bbox 587 685 699 710; x_wconf 81' lang='lat' dir='ltr'>autem</span> <span class='ocrx_word' id='word_1_80' title='bbox 723 676 800 709; x_wconf 86' lang='lat' dir='ltr'>licet</span> <span class='ocrx_word' id='word_1_81' title='bbox 824 689 896 708; x_wconf 89' lang='lat' dir='ltr'>non</span> <span class='ocrx_word' id='word_1_82' title='bbox 916 690 1024 721; x_wconf 87' lang='lat' dir='ltr'>usque</span> <span class='ocrx_word' id='word_1_83' title='bbox 1049 690 1183 721; x_wconf 86' lang='lat' dir='ltr'>quaque</span> 
     </span>
     <span class='ocr_line' id='line_1_11' title="bbox 50 737 1182 784; baseline 0 -13"><span class='ocrx_word' id='word_1_84' title='bbox 50 739 282 784; x_wconf 81' lang='lat' dir='ltr'><strong>pronuntiem,</strong></span> <span class='ocrx_word' id='word_1_85' title='bbox 305 748 389 783; x_wconf 78' lang='lat' dir='ltr'>puto</span> <span class='ocrx_word' id='word_1_86' title='bbox 416 747 540 778; x_wconf 82' lang='lat' dir='ltr'>tamen,</span> <span class='ocrx_word' id='word_1_87' title='bbox 565 738 658 782; x_wconf 86' lang='lat' dir='ltr'>quod</span> <span class='ocrx_word' id='word_1_88' title='bbox 678 738 745 770; x_wconf 86' lang='lat' dir='ltr'>sint</span> <span class='ocrx_word' id='word_1_89' title='bbox 768 737 936 770; x_wconf 86' lang='lat' dir='ltr'>nonnulla</span> <span class='ocrx_word' id='word_1_90' title='bbox 962 738 1062 770; x_wconf 81' lang='lat' dir='ltr'>etiam</span> <span class='ocrx_word' id='word_1_91' title='bbox 1087 751 1182 771; x_wconf 89' lang='lat' dir='ltr'>com-</span> 
     </span>
     <span class='ocr_line' id='line_1_12' title="bbox 48 799 1183 844; baseline 0 -11"><span class='ocrx_word' id='word_1_92' title='bbox 48 800 206 833; x_wconf 89' lang='lat' dir='ltr'>munium</span> <span class='ocrx_word' id='word_1_93' title='bbox 232 800 413 833; x_wconf 81' lang='lat' dir='ltr'>hominum</span> <span class='ocrx_word' id='word_1_94' title='bbox 439 808 547 841; x_wconf 82' lang='lat' dir='ltr'>gesta,</span> <span class='ocrx_word' id='word_1_95' title='bbox 587 812 672 844; x_wconf 89' lang='lat' dir='ltr'>quae</span> <span class='ocrx_word' id='word_1_96' title='bbox 697 799 849 843; x_wconf 81' lang='lat' dir='ltr'>quamvis</span> <span class='ocrx_word' id='word_1_97' title='bbox 872 809 1011 843; x_wconf 86' lang='lat' dir='ltr'>peccato</span> <span class='ocrx_word' id='word_1_98' title='bbox 1036 809 1183 841; x_wconf 83' lang='lat' dir='ltr'>careant,</span> 
     </span>
     <span class='ocr_line' id='line_1_13' title="bbox 48 860 1184 905; baseline 0.002 -11"><span class='ocrx_word' id='word_1_99' title='bbox 48 875 122 894; x_wconf 87' lang='lat' dir='ltr'>non</span> <span class='ocrx_word' id='word_1_100' title='bbox 153 870 270 894; x_wconf 83' lang='lat' dir='ltr'>tamen</span> <span class='ocrx_word' id='word_1_101' title='bbox 303 861 401 903; x_wconf 85' lang='lat' dir='ltr'>digna</span> <span class='ocrx_word' id='word_1_102' title='bbox 433 861 628 901; x_wconf 81' lang='lat' dir='ltr'>videantur,</span> <span class='ocrx_word' id='word_1_103' title='bbox 670 860 791 905; x_wconf 88' lang='lat' dir='ltr'>quibus</span> <span class='ocrx_word' id='word_1_104' title='bbox 827 861 985 894; x_wconf 78' lang='lat' dir='ltr'>interesse</span> <span class='ocrx_word' id='word_1_105' title='bbox 1025 871 1184 905; x_wconf 86' lang='lat' dir='ltr'>putemus</span> 
     </span>
     <span class='ocr_line' id='line_1_14' title="bbox 50 921 1183 966; baseline 0.002 -12"><span class='ocrx_word' id='word_1_106' title='bbox 50 921 214 966; x_wconf 85' lang='lat' dir='ltr'>Spiritum</span> <span class='ocrx_word' id='word_1_107' title='bbox 246 931 411 958; x_wconf 79' lang='lat' dir='ltr'>sanctum.</span> <span class='ocrx_word' id='word_1_108' title='bbox 466 922 515 954; x_wconf 89' lang='lat' dir='ltr'>Ut</span> <span class='ocrx_word' id='word_1_109' title='bbox 546 921 638 955; x_wconf 89' lang='lat' dir='ltr'>verbi</span> <span class='ocrx_word' id='word_1_110' title='bbox 674 921 778 964; x_wconf 78' lang='lat' dir='ltr'>gratia</span> <span class='ocrx_word' id='word_1_111' title='bbox 809 921 968 962; x_wconf 80' lang='lat' dir='ltr'>dixerim,</span> <span class='ocrx_word' id='word_1_112' title='bbox 1010 923 1183 958; x_wconf 78' lang='lat' dir='ltr'>connubia</span> 
     </span>
     <span class='ocr_line' id='line_1_15' title="bbox 49 983 1183 1028; baseline 0.002 -13"><span class='ocrx_word' id='word_1_113' title='bbox 49 983 188 1028; x_wconf 88' lang='lat' dir='ltr'>quidem</span> <span class='ocrx_word' id='word_1_114' title='bbox 212 983 358 1026; x_wconf 69' lang='lat' dir='ltr'>legitima</span> <span class='ocrx_word' id='word_1_115' title='bbox 384 993 499 1017; x_wconf 82' lang='lat' dir='ltr'>carent</span> <span class='ocrx_word' id='word_1_116' title='bbox 523 983 661 1028; x_wconf 88' lang='lat' dir='ltr'>quidem</span> <span class='ocrx_word' id='word_1_117' title='bbox 686 992 848 1027; x_wconf 85' lang='lat' dir='ltr'>peccato,</span> <span class='ocrx_word' id='word_1_118' title='bbox 873 996 936 1016; x_wconf 87' lang='lat' dir='ltr'>nec</span> <span class='ocrx_word' id='word_1_119' title='bbox 960 993 1074 1017; x_wconf 79' lang='lat' dir='ltr'>tamen</span> <span class='ocrx_word' id='word_1_120' title='bbox 1097 993 1183 1017; x_wconf 85' lang='lat' dir='ltr'>tem-</span> 
     </span>
     <span class='ocr_line' id='line_1_16' title="bbox 49 1044 1184 1090; baseline 0.003 -14"><span class='ocrx_word' id='word_1_121' title='bbox 49 1057 135 1088; x_wconf 88' lang='lat' dir='ltr'>pore</span> <span class='ocrx_word' id='word_1_122' title='bbox 157 1044 237 1084; x_wconf 79' lang='lat' dir='ltr'>illo,</span> <span class='ocrx_word' id='word_1_123' title='bbox 263 1057 330 1089; x_wconf 90' lang='lat' dir='ltr'>quo</span> <span class='ocrx_word' id='word_1_124' title='bbox 358 1044 551 1090; x_wconf 80' lang='lat' dir='ltr'>conjugales</span> <span class='ocrx_word' id='word_1_125' title='bbox 578 1055 669 1078; x_wconf 75' lang='lat' dir='ltr'>actus</span> <span class='ocrx_word' id='word_1_126' title='bbox 694 1054 872 1086; x_wconf 81' lang='lat' dir='ltr'>geruntur,</span> <span class='ocrx_word' id='word_1_127' title='bbox 897 1045 1084 1089; x_wconf 81' lang='lat' dir='ltr'>praesentia</span> <span class='ocrx_word' id='word_1_128' title='bbox 1108 1059 1184 1079; x_wconf 84' lang='lat' dir='ltr'>san-</span> 
     </span>
     <span class='ocr_line' id='line_1_17' title="bbox 51 1104 1183 1152; baseline 0.002 -14"><span class='ocrx_word' id='word_1_129' title='bbox 51 1105 94 1138; x_wconf 86' lang='lat' dir='ltr'>cti</span> <span class='ocrx_word' id='word_1_130' title='bbox 118 1104 263 1150; x_wconf 76' lang='lat' dir='ltr'>Spiritus</span> <span class='ocrx_word' id='word_1_131' title='bbox 289 1106 444 1146; x_wconf 80' lang='lat' dir='ltr'>dabitur,</span> <span class='ocrx_word' id='word_1_132' title='bbox 481 1106 607 1139; x_wconf 83' lang='lat' dir='ltr'>etiamsi</span> <span class='ocrx_word' id='word_1_133' title='bbox 631 1107 800 1150; x_wconf 85' lang='lat' dir='ltr'>propheta</span> <span class='ocrx_word' id='word_1_134' title='bbox 826 1118 895 1138; x_wconf 84' lang='lat' dir='ltr'>esse</span> <span class='ocrx_word' id='word_1_135' title='bbox 920 1107 1088 1146; x_wconf 85' lang='lat' dir='ltr'>videatur,</span> <span class='ocrx_word' id='word_1_136' title='bbox 1125 1108 1183 1152; x_wconf 89' lang='lat' dir='ltr'>qui</span> 
     </span>
     <span class='ocr_line' id='line_1_18' title="bbox 51 1166 1185 1211; baseline 0.001 -12"><span class='ocrx_word' id='word_1_137' title='bbox 51 1166 166 1199; x_wconf 79' lang='lat' dir='ltr'>officio</span> <span class='ocrx_word' id='word_1_138' title='bbox 197 1166 420 1208; x_wconf 71' lang='lat' dir='ltr'>generationis</span> <span class='ocrx_word' id='word_1_139' title='bbox 452 1167 660 1211; x_wconf 83' lang='lat' dir='ltr'>obsequitur.</span> <span class='ocrx_word' id='word_1_140' title='bbox 716 1167 785 1200; x_wconf 90' lang='lat' dir='ltr'>Sed</span> <span class='ocrx_word' id='word_1_141' title='bbox 819 1176 850 1199; x_wconf 86' lang='lat' dir='ltr'>et</span> <span class='ocrx_word' id='word_1_142' title='bbox 879 1166 943 1199; x_wconf 85' lang='lat' dir='ltr'>alia</span> <span class='ocrx_word' id='word_1_143' title='bbox 974 1168 1073 1211; x_wconf 84' lang='lat' dir='ltr'>plura</span> <span class='ocrx_word' id='word_1_144' title='bbox 1096 1177 1185 1210; x_wconf 88' lang='lat' dir='ltr'>sunt,</span> 
     </span>
     <span class='ocr_line' id='line_1_19' title="bbox 50 1227 1184 1272; baseline 0.003 -13"><span class='ocrx_word' id='word_1_145' title='bbox 50 1227 84 1260; x_wconf 89' lang='lat' dir='ltr'>in</span> <span class='ocrx_word' id='word_1_146' title='bbox 110 1227 232 1272; x_wconf 83' lang='lat' dir='ltr'>quibus</span> <span class='ocrx_word' id='word_1_147' title='bbox 254 1227 378 1260; x_wconf 81' lang='lat' dir='ltr'>sufficit</span> <span class='ocrx_word' id='word_1_148' title='bbox 401 1228 473 1261; x_wconf 90' lang='lat' dir='ltr'>sola</span> <span class='ocrx_word' id='word_1_149' title='bbox 497 1229 542 1261; x_wconf 84' lang='lat' dir='ltr'>vis</span> <span class='ocrx_word' id='word_1_150' title='bbox 567 1229 734 1268; x_wconf 74' lang='lat' dir='ltr'>humana,</span> <span class='ocrx_word' id='word_1_151' title='bbox 767 1237 798 1261; x_wconf 86' lang='lat' dir='ltr'>et</span> <span class='ocrx_word' id='word_1_152' title='bbox 827 1240 939 1272; x_wconf 88' lang='lat' dir='ltr'>neque</span> <span class='ocrx_word' id='word_1_153' title='bbox 970 1241 1021 1262; x_wconf 87' lang='lat' dir='ltr'>res</span> <span class='ocrx_word' id='word_1_154' title='bbox 1045 1229 1184 1272; x_wconf 84' lang='lat' dir='ltr'>indiget,</span> 
     </span>
     <span class='ocr_line' id='line_1_20' title="bbox 49 1288 1184 1333; baseline 0.004 -13"><span class='ocrx_word' id='word_1_155' title='bbox 49 1301 161 1333; x_wconf 88' lang='lat' dir='ltr'>neque</span> <span class='ocrx_word' id='word_1_156' title='bbox 184 1289 281 1321; x_wconf 87' lang='lat' dir='ltr'>decet</span> <span class='ocrx_word' id='word_1_157' title='bbox 304 1289 417 1322; x_wconf 84' lang='lat' dir='ltr'>adesse</span> <span class='ocrx_word' id='word_1_158' title='bbox 452 1290 675 1333; x_wconf 78' lang='lat' dir='ltr'>praesentiam</span> <span class='ocrx_word' id='word_1_159' title='bbox 708 1288 854 1333; x_wconf 84' lang='lat' dir='ltr'>Spiritus</span> <span class='ocrx_word' id='word_1_160' title='bbox 884 1289 1001 1322; x_wconf 82' lang='lat' dir='ltr'>sancti.</span> <span class='ocrx_word' id='word_1_161' title='bbox 1055 1289 1124 1323; x_wconf 88' lang='lat' dir='ltr'>Sed</span> <span class='ocrx_word' id='word_1_162' title='bbox 1149 1289 1184 1324; x_wconf 88' lang='lat' dir='ltr'>in</span> 
     </span>
     <span class='ocr_line' id='line_1_21' title="bbox 50 1349 1185 1395; baseline 0.003 -14"><span class='ocrx_word' id='word_1_163' title='bbox 50 1349 134 1382; x_wconf 85' lang='lat' dir='ltr'>haec</span> <span class='ocrx_word' id='word_1_164' title='bbox 158 1362 220 1393; x_wconf 90' lang='lat' dir='ltr'>per</span> <span class='ocrx_word' id='word_1_165' title='bbox 243 1362 412 1383; x_wconf 79' lang='lat' dir='ltr'>excessum</span> <span class='ocrx_word' id='word_1_166' title='bbox 437 1351 609 1395; x_wconf 79' lang='lat' dir='ltr'>quendam</span> <span class='ocrx_word' id='word_1_167' title='bbox 632 1350 856 1390; x_wconf 80' lang='lat' dir='ltr'>incurrimus,</span> <span class='ocrx_word' id='word_1_168' title='bbox 889 1352 970 1383; x_wconf 88' lang='lat' dir='ltr'>dum</span> <span class='ocrx_word' id='word_1_169' title='bbox 1005 1352 1185 1384; x_wconf 87' lang='lat' dir='ltr'>ostendere</span> 
     </span>
     <span class='ocr_line' id='line_1_22' title="bbox 0 1411 1184 1456; baseline 0.002 -12"><span class='ocrx_word' id='word_1_170' title='bbox 0 1435 1 1439; x_wconf 64' lang='lat'>,</span> <span class='ocrx_word' id='word_1_171' title='bbox 48 1411 223 1450; x_wconf 81' lang='lat' dir='ltr'>volumus,</span> <span class='ocrx_word' id='word_1_172' title='bbox 258 1424 361 1456; x_wconf 86' lang='lat' dir='ltr'>super</span> <span class='ocrx_word' id='word_1_173' title='bbox 384 1411 496 1444; x_wconf 90' lang='lat' dir='ltr'>solum</span> <span class='ocrx_word' id='word_1_174' title='bbox 521 1411 732 1451; x_wconf 90' lang='lat' dir='ltr'>Dominum,</span> <span class='ocrx_word' id='word_1_175' title='bbox 765 1420 795 1444; x_wconf 92' lang='lat' dir='ltr'>et</span> <span class='ocrx_word' id='word_1_176' title='bbox 827 1411 1036 1446; x_wconf 84' lang='lat' dir='ltr'>Salvatorem</span> <span class='ocrx_word' id='word_1_177' title='bbox 1067 1425 1184 1446; x_wconf 87' lang='lat' dir='ltr'>meum</span> 
     </span>
     <span class='ocr_line' id='line_1_23' title="bbox 49 1471 1183 1517; baseline 0.003 -12"><span class='ocrx_word' id='word_1_178' title='bbox 49 1473 167 1506; x_wconf 88' lang='lat' dir='ltr'>Jesum</span> <span class='ocrx_word' id='word_1_179' title='bbox 198 1472 359 1505; x_wconf 83' lang='lat' dir='ltr'>mansisse</span> <span class='ocrx_word' id='word_1_180' title='bbox 385 1485 519 1517; x_wconf 89' lang='lat' dir='ltr'>semper</span> <span class='ocrx_word' id='word_1_181' title='bbox 549 1473 704 1517; x_wconf 85' lang='lat' dir='ltr'>spiritum</span> <span class='ocrx_word' id='word_1_182' title='bbox 729 1472 814 1512; x_wconf 78' lang='lat' dir='ltr'>Dei,</span> <span class='ocrx_word' id='word_1_183' title='bbox 854 1471 887 1505; x_wconf 91' lang='lat' dir='ltr'>in</span> <span class='ocrx_word' id='word_1_184' title='bbox 921 1474 1037 1507; x_wconf 81' lang='lat' dir='ltr'>ceteris</span> <span class='ocrx_word' id='word_1_185' title='bbox 1072 1483 1183 1508; x_wconf 86' lang='lat' dir='ltr'>autem</span> 
     </span>
     <span class='ocr_line' id='line_1_24' title="bbox 52 1533 1185 1579; baseline 0.002 -12"><span class='ocrx_word' id='word_1_186' title='bbox 52 1533 211 1567; x_wconf 86' lang='lat' dir='ltr'>omnibus</span> <span class='ocrx_word' id='word_1_187' title='bbox 234 1534 424 1578; x_wconf 79' lang='lat' dir='ltr'>sanctis,²)</span> <span class='ocrx_word' id='word_1_188' title='bbox 447 1533 532 1567; x_wconf 89' lang='lat' dir='ltr'>sicut</span> <span class='ocrx_word' id='word_1_189' title='bbox 565 1545 596 1568; x_wconf 85' lang='lat' dir='ltr'>et</span> <span class='ocrx_word' id='word_1_190' title='bbox 625 1535 660 1568; x_wconf 91' lang='lat' dir='ltr'>in</span> <span class='ocrx_word' id='word_1_191' title='bbox 689 1533 898 1579; x_wconf 82' lang='lat' dir='ltr'>septuaginta</span> <span class='ocrx_word' id='word_1_192' title='bbox 921 1534 1128 1577; x_wconf 84' lang='lat' dir='ltr'>senioribus,</span> <span class='ocrx_word' id='word_1_193' title='bbox 1165 1549 1185 1569; x_wconf 88' lang='lat' dir='ltr'>a</span> 
     </span>
     <span class='ocr_line' id='line_1_25' title="bbox 51 1593 1184 1641; baseline 0.003 -14"><span class='ocrx_word' id='word_1_194' title='bbox 51 1595 174 1641; x_wconf 85' lang='lat' dir='ltr'>quibus</span> <span class='ocrx_word' id='word_1_195' title='bbox 195 1594 289 1628; x_wconf 81' lang='lat' dir='ltr'>verbi</span> <span class='ocrx_word' id='word_1_196' title='bbox 313 1593 411 1641; x_wconf 88' lang='lat' dir='ltr'>hujus</span> <span class='ocrx_word' id='word_1_197' title='bbox 431 1595 594 1640; x_wconf 87' lang='lat' dir='ltr'>processit</span> <span class='ocrx_word' id='word_1_198' title='bbox 617 1597 806 1636; x_wconf 86' lang='lat' dir='ltr'>exordium,</span> <span class='ocrx_word' id='word_1_199' title='bbox 830 1594 1031 1639; x_wconf 67' lang='lat' dir='ltr'>requievisse</span> <span class='ocrx_word' id='word_1_200' title='bbox 1053 1606 1184 1630; x_wconf 79' lang='lat' dir='ltr'>tantum</span> 
     </span>
     <span class='ocr_line' id='line_1_26' title="bbox 51 1655 1184 1703; baseline 0.002 -13"><span class='ocrx_word' id='word_1_201' title='bbox 51 1656 206 1702; x_wconf 87' lang='lat' dir='ltr'>spiritum</span> <span class='ocrx_word' id='word_1_202' title='bbox 238 1655 322 1695; x_wconf 85' lang='lat' dir='ltr'>Dei,</span> <span class='ocrx_word' id='word_1_203' title='bbox 363 1665 395 1689; x_wconf 82' lang='lat' dir='ltr'>et</span> <span class='ocrx_word' id='word_1_204' title='bbox 427 1667 605 1702; x_wconf 76' lang='lat' dir='ltr'>operatum</span> <span class='ocrx_word' id='word_1_205' title='bbox 641 1671 709 1692; x_wconf 86' lang='lat' dir='ltr'>esse</span> <span class='ocrx_word' id='word_1_206' title='bbox 734 1657 817 1701; x_wconf 77' lang='lat' dir='ltr'>in3)</span> <span class='ocrx_word' id='word_1_207' title='bbox 841 1666 998 1702; x_wconf 79' lang='lat' dir='ltr'>tempore</span> <span class='ocrx_word' id='word_1_208' title='bbox 1022 1670 1082 1699; x_wconf 88' lang='lat' dir='ltr'>eo,</span> <span class='ocrx_word' id='word_1_209' title='bbox 1115 1672 1184 1703; x_wconf 93' lang='lat' dir='ltr'>quo</span> 
     </span>
     <span class='ocr_line' id='line_1_27' title="bbox 53 1716 1185 1764; baseline 0.003 -14"><span class='ocrx_word' id='word_1_210' title='bbox 53 1717 251 1762; x_wconf 81' lang='lat' dir='ltr'>expediebat</span> <span class='ocrx_word' id='word_1_211' title='bbox 274 1716 323 1757; x_wconf 84' lang='lat' dir='ltr'>iis,</span> <span class='ocrx_word' id='word_1_212' title='bbox 346 1731 409 1762; x_wconf 88' lang='lat' dir='ltr'>per</span> <span class='ocrx_word' id='word_1_213' title='bbox 432 1732 517 1763; x_wconf 88' lang='lat' dir='ltr'>quos</span> <span class='ocrx_word' id='word_1_214' title='bbox 542 1720 759 1764; x_wconf 82' lang='lat' dir='ltr'>operabatur,</span> <span class='ocrx_word' id='word_1_215' title='bbox 786 1726 817 1751; x_wconf 85' lang='lat' dir='ltr'>et</span> <span class='ocrx_word' id='word_1_216' title='bbox 840 1718 921 1751; x_wconf 85' lang='lat' dir='ltr'>utile</span> <span class='ocrx_word' id='word_1_217' title='bbox 943 1727 1013 1751; x_wconf 87' lang='lat' dir='ltr'>erat</span> <span class='ocrx_word' id='word_1_218' title='bbox 1035 1717 1085 1760; x_wconf 86' lang='lat' dir='ltr'>iis,</span> <span class='ocrx_word' id='word_1_219' title='bbox 1110 1719 1185 1764; x_wconf 84' lang='lat' dir='ltr'>qui-</span> 
     </span>
     <span class='ocr_line' id='line_1_28' title="bbox 51 1779 402 1814; baseline 0.006 -2"><span class='ocrx_word' id='word_1_220' title='bbox 51 1781 116 1813; x_wconf 81' lang='lat' dir='ltr'>bus</span> <span class='ocrx_word' id='word_1_221' title='bbox 139 1779 402 1814; x_wconf 80' lang='lat' dir='ltr'>ministrabatur.</span> 
     </span>
    </p>

    <p class='ocr_par' dir='ltr' id='par_1_3' title="bbox 53 1840 1187 1945">
     <span class='ocr_line' id='line_1_29' title="bbox 141 1840 1186 1886; baseline 0 -11"><span class='ocrx_word' id='word_1_222' title='bbox 141 1841 173 1875; x_wconf 87' lang='lat'>4.</span> <span class='ocrx_word' id='word_1_223' title='bbox 199 1840 267 1873; x_wconf 89' lang='lat' dir='ltr'>Sed</span> <span class='ocrx_word' id='word_1_224' title='bbox 300 1849 332 1872; x_wconf 84' lang='lat' dir='ltr'>et</span> <span class='ocrx_word' id='word_1_225' title='bbox 370 1840 406 1873; x_wconf 88' lang='lat' dir='ltr'>in</span> <span class='ocrx_word' id='word_1_226' title='bbox 440 1841 724 1885; x_wconf 84' lang='lat' dir='ltr'>consequentibus</span> <span class='ocrx_word' id='word_1_227' title='bbox 758 1840 911 1873; x_wconf 85' lang='lat' dir='ltr'>continet</span> <span class='ocrx_word' id='word_1_228' title='bbox 939 1840 1062 1881; x_wconf 84' lang='lat' dir='ltr'>lectio,</span> <span class='ocrx_word' id='word_1_229' title='bbox 1099 1854 1186 1886; x_wconf 85' lang='lat' dir='ltr'>quae</span> 
     </span>
     <span class='ocr_line' id='line_1_30' title="bbox 53 1900 1187 1945; baseline 0.001 -10"><span class='ocrx_word' id='word_1_230' title='bbox 53 1901 191 1935; x_wconf 86' lang='lat' dir='ltr'>recitata</span> <span class='ocrx_word' id='word_1_231' title='bbox 215 1910 274 1940; x_wconf 86' lang='lat' dir='ltr'>est,</span> <span class='ocrx_word' id='word_1_232' title='bbox 299 1902 393 1945; x_wconf 88' lang='lat' dir='ltr'>quod</span> <span class='ocrx_word' id='word_1_233' title='bbox 416 1901 531 1935; x_wconf 82' lang='lat' dir='ltr'>Moses</span> <span class='ocrx_word' id='word_1_234' title='bbox 555 1900 803 1945; x_wconf 79' lang='lat' dir='ltr'>Aethiopissam</span> <span class='ocrx_word' id='word_1_235' title='bbox 828 1900 958 1933; x_wconf 87' lang='lat' dir='ltr'>duxerit</span> <span class='ocrx_word' id='word_1_236' title='bbox 979 1914 1131 1942; x_wconf 85' lang='lat' dir='ltr'>uxorem,</span> <span class='ocrx_word' id='word_1_237' title='bbox 1155 1912 1187 1936; x_wconf 90' lang='lat' dir='ltr'>et</span> 
     </span>
    </p>
   </div>
   <div class='ocr_carea' id='block_1_3' title="bbox 52 1961 1186 2008">
    <p class='ocr_par' dir='ltr' id='par_1_4' title="bbox 52 1961 1186 2008">
     <span class='ocr_line' id='line_1_31' title="bbox 52 1961 1186 2008; baseline -0.001 -12"><span class='ocrx_word' id='word_1_238' title='bbox 52 1963 165 1997; x_wconf 83' lang='lat' dir='ltr'>Maria</span> <span class='ocrx_word' id='word_1_239' title='bbox 190 1972 292 2008; x_wconf 83' lang='lat' dir='ltr'>atque</span> <span class='ocrx_word' id='word_1_240' title='bbox 317 1964 431 1997; x_wconf 85' lang='lat' dir='ltr'>Aaron</span> <span class='ocrx_word' id='word_1_241' title='bbox 457 1961 659 1996; x_wconf 85' lang='lat' dir='ltr'>detraxerint</span> <span class='ocrx_word' id='word_1_242' title='bbox 689 1963 731 1995; x_wconf 86' lang='lat' dir='ltr'>de</span> <span class='ocrx_word' id='word_1_243' title='bbox 755 1962 872 2002; x_wconf 85' lang='lat' dir='ltr'>Mose,</span> <span class='ocrx_word' id='word_1_244' title='bbox 903 1976 963 1994; x_wconf 86' lang='lat' dir='ltr'>cur</span> <span class='ocrx_word' id='word_1_245' title='bbox 994 1962 1186 2007; x_wconf 78' lang='lat' dir='ltr'>Aethiopis-</span> 
     </span>
    </p>
   </div>
   <div class='ocr_carea' id='block_1_4' title="bbox 151 2117 994 2162">
    <p class='ocr_par' dir='ltr' id='par_1_5' title="bbox 151 2117 994 2162">
     <span class='ocr_line' id='line_1_32' title="bbox 151 2117 994 2162; baseline 0 -11"><span class='ocrx_word' id='word_1_246' title='bbox 151 2118 185 2162; x_wconf 72' lang='grc' dir='ltr'>ἔ)</span> <span class='ocrx_word' id='word_1_247' title='bbox 211 2117 281 2152; x_wconf 78' lang='lat' dir='ltr'>Cfr.</span> <span class='ocrx_word' id='word_1_248' title='bbox 306 2118 320 2150; x_wconf 79' lang='grc' dir='ltr'>ἱ</span> <span class='ocrx_word' id='word_1_249' title='bbox 343 2119 449 2161; x_wconf 60' lang='grc' dir='ltr'>Ιίςςὲ.</span> <span class='ocrx_word' id='word_1_250' title='bbox 470 2117 565 2158; x_wconf 86' lang='lat' dir='ltr'>XIII,</span> <span class='ocrx_word' id='word_1_251' title='bbox 591 2118 642 2153; x_wconf 85' lang='lat'>11.</span> <span class='ocrx_word' id='word_1_252' title='bbox 665 2130 757 2161; x_wconf 85' lang='lat' dir='ltr'>seqq.</span> <span class='ocrx_word' id='word_1_253' title='bbox 782 2117 849 2162; x_wconf 83' lang='lat' dir='ltr'>(III</span> <span class='ocrx_word' id='word_1_254' title='bbox 872 2117 994 2160; x_wconf 84' lang='lat' dir='ltr'>Regg.)</span> 
     </span>
    </p>
   </div>
   <div class='ocr_carea' id='block_1_5' title="bbox 147 2173 923 2217">
    <p class='ocr_par' dir='ltr' id='par_1_6' title="bbox 147 2173 923 2217">
     <span class='ocr_line' id='line_1_33' title="bbox 147 2173 923 2217; baseline 0.001 -11"><span class='ocrx_word' id='word_1_255' title='bbox 147 2174 186 2217; x_wconf 82' lang='lat'>²)</span> <span class='ocrx_word' id='word_1_256' title='bbox 210 2174 276 2207; x_wconf 89' lang='lat' dir='ltr'>Ed.</span> <span class='ocrx_word' id='word_1_257' title='bbox 301 2174 408 2208; x_wconf 75' lang='lat' dir='ltr'>Ruaei</span> <span class='ocrx_word' id='word_1_258' title='bbox 432 2176 521 2208; x_wconf 84' lang='lat' dir='ltr'>sola:</span> <span class='ocrx_word' id='word_1_259' title='bbox 544 2174 673 2213; x_wconf 79' lang='lat' dir='ltr'>sanctis,</span> <span class='ocrx_word' id='word_1_260' title='bbox 699 2184 729 2206; x_wconf 86' lang='lat' dir='ltr'>et</span> <span class='ocrx_word' id='word_1_261' title='bbox 752 2173 838 2207; x_wconf 90' lang='lat' dir='ltr'>sicut</span> <span class='ocrx_word' id='word_1_262' title='bbox 862 2183 923 2207; x_wconf 89' lang='lat' dir='ltr'>etc.</span> 
     </span>
    </p>
   </div>
   <div class='ocr_carea' id='block_1_6' title="bbox 58 2229 1188 2319">
    <p class='ocr_par' dir='ltr' id='par_1_7' title="bbox 58 2229 1188 2319">
     <span class='ocr_line' id='line_1_34' title="bbox 149 2229 1188 2274; baseline -0.002 -11"><span class='ocrx_word' id='word_1_263' title='bbox 149 2230 186 2274; x_wconf 80' lang='lat'>³)</span> <span class='ocrx_word' id='word_1_264' title='bbox 209 2230 298 2263; x_wconf 85' lang='lat' dir='ltr'>Edd.</span> <span class='ocrx_word' id='word_1_265' title='bbox 329 2229 486 2263; x_wconf 81' lang='lat' dir='ltr'>Merliui:</span> <span class='ocrx_word' id='word_1_266' title='bbox 522 2229 557 2262; x_wconf 88' lang='lat' dir='ltr'>in</span> <span class='ocrx_word' id='word_1_267' title='bbox 590 2238 746 2273; x_wconf 83' lang='lat' dir='ltr'>ternpore</span> <span class='ocrx_word' id='word_1_268' title='bbox 770 2241 824 2268; x_wconf 78' lang='lat' dir='ltr'>ea,</span> <span class='ocrx_word' id='word_1_269' title='bbox 857 2241 944 2272; x_wconf 83' lang='lat' dir='ltr'>quae</span> <span class='ocrx_word' id='word_1_270' title='bbox 966 2229 1188 2273; x_wconf 78' lang='lat' dir='ltr'>expediebant</span> 
     </span>
     <span class='ocr_line' id='line_1_35' title="bbox 58 2274 388 2319; baseline 0 -12"><span class='ocrx_word' id='word_1_271' title='bbox 58 2274 107 2317; x_wconf 85' lang='lat' dir='ltr'>iis,</span> <span class='ocrx_word' id='word_1_272' title='bbox 130 2288 192 2319; x_wconf 87' lang='lat' dir='ltr'>per</span> <span class='ocrx_word' id='word_1_273' title='bbox 217 2288 302 2319; x_wconf 85' lang='lat' dir='ltr'>quos</span> <span class='ocrx_word' id='word_1_274' title='bbox 327 2284 388 2307; x_wconf 76' lang='lat' dir='ltr'>etc.</span> 
     </span>
    </p>
   </div>
   <div class='ocr_carea' id='block_1_7' title="bbox 874 2356 926 2390">
    <p class='ocr_par' dir='ltr' id='par_1_8' title="bbox 874 2356 926 2390">
     <span class='ocr_line' id='line_1_36' title="bbox 874 2356 926 2390; baseline 0 -15"><span class='ocrx_word' id='word_1_275' title='bbox 874 2356 926 2390; x_wconf 61' lang='lat'>4*</span> 
     </span>
    </p>
   </div>
  </div>
 </body>
</html>
