1427 2460
404 96 440 120 m
465 85 643 120 Nummos
669 85 829 121 ΗοΜηιΑ
847 87 871 119 Ι.
1164 91 1208 124 17

67 178 194 211 riorem
220 176 263 210 ad
286 176 353 216 illa,
378 189 465 221 quae
488 175 753 210 Deuteronomii
777 176 939 209 volumen
957 176 1112 211 includit.
1159 179 1203 212 Et

67 240 144 274 ideo
170 239 400 272 festinandum
424 238 524 272 nohis
551 247 598 271 est
628 237 805 282 pervenire
829 238 872 271 ad
897 238 1033 279 Jesum,
1064 253 1135 272 non
1161 240 1204 273 il-

66 301 140 335 ium
164 300 271 333 filium
295 301 406 341 Nave,
438 301 496 334 sed
525 301 568 333 ad
595 298 711 332 Jesum
739 298 919 333 Christum.
966 299 1065 334 Prius
1088 310 1203 335 tamen

64 363 263 408 paedagogo
288 370 417 394 utentes
440 361 558 401 Mose,
598 370 629 394 et
653 362 746 405 apud
771 374 849 394 eum
872 361 1065 395 rudimenta
1089 363 1202 396 infan-

63 422 130 458 tide
159 424 389 468 deponentes,
418 423 465 456 sic
495 424 675 456 tendamus
709 422 751 455 ad
782 423 1029 466 perfectionem
1066 424 1201 458 Clu-isti.

63 486 178 519 Moses
211 485 302 518 enim
331 498 403 518 non
439 485 545 517 multa
577 485 666 517 bella
699 484 907 528 compressit.
967 485 1064 518 Jesus
1089 495 1202 520 autem

62 547 152 579 bella
177 546 315 590 quidem
340 546 495 579 universa
522 546 750 590 compescuit,
784 558 903 590 pacem
935 559 1015 578 vero
1041 547 1202 581 omnibus

62 608 167 648 dedit,
190 608 235 641 ita
259 617 297 640 ut
320 608 482 652 scriptum
507 608 557 648 sit,
585 607 662 652 quia
687 606 844 647 „cessavit
859 606 893 650 ¹)
917 616 1004 640 terra
1029 621 1046 641 a
1072 609 1203 643 bellis.“

62 668 169 703 Terra
194 669 484 715 repromissionis,
516 680 605 703 terra
631 668 843 708 hereditatis,
875 677 981 709 terra,
1015 683 1102 713 quae
1126 671 1202 705 fluit

60 731 114 763 lac
139 739 172 763 et
204 731 292 772 mel,
324 732 366 764 ab
390 731 471 765 Jesu
497 730 720 764 distribuitur.
780 730 953 773 ,‚Beati²)
979 731 1069 764 enim
1094 732 1203 772 mites,

61 792 141 837 quia
165 791 228 836 ipsi
253 805 315 837 per
338 793 455 825 Jesum
480 793 719 826 hereditabunt
746 794 904 824 terram.“
949 791 1018 824 Sed
1043 801 1075 825 et
1098 792 1201 837 ipsius

61 853 308 886 distributionis
331 853 478 887 invenies
502 864 601 901 typos
627 863 658 887 et
674 853 834 895 imagines
848 853 1073 898 praecessisse.
1121 853 1201 887 Non

60 915 151 947 enim
177 914 325 948 otiosum
351 925 414 956 cst,
452 917 547 960 quod
581 916 652 949 aliis
675 917 763 948 ultra
787 915 976 948 Jordanem
1003 923 1091 948 terra
1115 915 1199 948 divi-

60 976 163 1017 ditur,
187 977 260 1010 aliis
284 977 372 1010 intra
396 977 603 1016 Jordanem,
630 986 661 1009 ct
686 976 757 1010 aliis
779 976 914 1021 primis,
947 976 1018 1010 aliis
1042 990 1122 1010 vero
1148 991 1199 1011 se-

59 1037 189 1079 cundis,
211 1038 389 1071 nonnullis
415 1038 514 1071 etiam
538 1038 660 1078 tertiis,
695 1047 728 1071 et
758 1039 805 1071 sic
835 1051 897 1082 per
922 1037 1079 1071 ordinem
1103 1039 1201 1072 here-

59 1099 144 1132 ditas
172 1109 282 1133 terrae
312 1099 491 1133 dividitur:
524 1100 584 1132 ubi
616 1097 848 1144 unusquisque
872 1099 1059 1144 requiescat
1083 1101 1146 1133 sub
1163 1101 1200 1144 3)

57 1161 127 1193 ficu
150 1174 230 1201 sua,
263 1170 296 1194 et
318 1162 380 1194 sub
412 1161 479 1194 vite
501 1174 578 1201 sua,
610 1170 641 1193 et
670 1174 742 1193 non
766 1160 807 1194 sit
831 1162 918 1194 ultra
944 1161 1002 1204 qui
1028 1170 1200 1195 exterreat.

59 1221 160 1265 Quae
183 1232 303 1255 cuncta
328 1222 516 1264 magnificis
539 1222 750 1266 praesignata
774 1222 955 1268 mysteriis,
980 1223 1052 1266 ipse
1075 1222 1200 1255 Domi-

57 1297 122 1317 nus
146 1284 243 1317 Jesus
266 1283 302 1316 in
327 1283 382 1317 die
406 1284 568 1316 adventus
591 1283 642 1316 sui
666 1297 739 1315 nen
763 1282 832 1328 jam
856 1296 919 1328 per
942 1284 1138 1327 speculum,
1170 1293 1201 1317 et

56 1345 91 1378 it»
117 1345 320 1387 aenigmate,
352 1345 411 1378 sed
435 1346 520 1378 facie
544 1346 587 1377 ad
618 1344 741 1377 faciem
774 1343 810 1376 in
842 1343 980 1376 veritate
1013 1345 1201 1390 complebit

56 1404 252 1450 unicuique,
273 1405 464 1438 secundum
489 1407 584 1450 quod
606 1405 679 1450 ipse
691 1404 825 1438 noverit
841 1404 961 1438 merita
977 1404 1200 1447 singulorum,

57 1466 116 1511 qui
140 1467 296 1510 cognitor
320 1466 432 1501 cordis
457 1476 513 1508 est,
541 1467 594 1501 cui
619 1467 725 1509 gloria
751 1476 782 1500 et
799 1465 982 1512 imperium
1005 1467 1041 1500 in
1065 1469 1198 1502 saecula

57 1528 282 1562 saeculorum.
331 1530 452 1561 Amen.

340 1787 777 1827 HOMILIA
848 1789 904 1828 11.

254 1885 457 1937 Derrdine
482 1894 513 1918 et
537 1885 767 1919 collocatione
792 1895 993 1920 castrorum.

147 1976 178 2007 1.
202 1968 317 2007 Prima
342 1974 575 2007 Numerorum
599 1974 698 2008 lectio
726 1975 865 2016 docuit,
902 1977 999 2020 quod
1038 1975 1200 2010 exercitus

56 2035 134 2076 Dei,
159 2036 218 2080 qui
243 2035 339 2068 exivit
366 2036 409 2068 de
432 2044 519 2068 terra
543 2035 696 2083 Aegypti,
722 2046 754 2069 et
769 2036 833 2069 iter
855 2036 920 2079 egit
941 2050 1003 2082 per
1020 2038 1199 2078 desertum,

56 2096 203 2130 visitatus
227 2096 279 2136 sit,
302 2097 369 2130 hoc
396 2105 454 2137 est,
478 2106 676 2131 numeratus
700 2110 764 2142 per
786 2098 911 2133 Mosen
935 2108 967 2131 et
990 2100 1127 2139 Aaron,
1160 2111 1198 2131 ac

153 2218 189 2261 ¹)
215 2218 288 2254 Jos.
311 2218 406 2258 XIV,
430 2219 482 2252 15.
578 2219 616 2263 ²)
640 2220 763 2255 Matth.
789 2222 830 2261 V,
854 2223 886 2255 5.

149 2272 186 2317 3)
211 2272 282 2308 Csr.
307 2274 451 2308 Zachar.
476 2275 535 2315 lII,
568 2276 622 2309 10.

59 2333 236 2369 Omeems
263 2335 402 2370 OPERA.
427 2336 525 2371 Tom.
550 2337 595 2369 X.

909 2338 933 2372 Ν)
