1427 2460
343 91 379 114 m
403 81 580 114 Nummos
604 79 764 136 HqMfflA
784 79 908 112 xvm.
1133 78 1201 113 229

74 172 277 213 mitigamus,
309 170 392 203 sicut
415 179 447 202 et
475 170 510 202 in
535 168 721 210 Evangeliis
753 169 876 202 dicitur
892 169 925 212 ¹)
950 168 992 200 de
1024 167 1196 200 luxorioso

74 232 163 273 filio,
187 232 245 277 qui
267 230 461 275 dilapidavit
483 231 698 264 substantiam
724 230 843 275 patris:
873 228 951 274 quia
977 229 1123 269 adcessit,
1146 229 1197 261 in-

74 293 162 338 quit,
191 294 233 326 ad
258 294 424 337 quendam
449 292 648 336 primarium
673 291 811 325 civitatis
847 292 880 325 in
905 291 1042 334 regione
1064 291 1140 323 illa:
1179 303 1196 323 a

74 368 142 398 quo
167 363 328 398 receptus,
351 353 387 386 in
413 366 528 395 agrurn
553 353 696 386 mittitur
715 366 840 398 porcos
865 366 1013 397 pascere,
1046 352 1091 385 Et
1115 352 1197 384 haec

73 427 151 457 ergo
176 414 303 455 civitas,
334 414 428 461 cujus
452 415 509 448 ille
533 415 713 460 primarius
736 424 821 454 erat,
845 415 994 448 mundus
1017 414 1073 447 hic
1096 413 1195 446 intel-

70 475 190 517 ligitur.
237 476 341 518 Igitur
364 479 406 510 de
433 479 495 510 hac
520 477 652 512 civitate
674 477 872 516 liberatum,
903 477 970 509 hoc
995 484 1061 516 est,
1094 487 1194 519 quem

69 537 188 570 liberat
213 537 365 571 Christus
390 539 432 571 de
455 539 521 571 hoc
545 538 689 578 mundo,
713 538 827 583 perdit
851 551 938 572 eum.
974 537 1068 570 Dicit
1092 536 1195 576 enim,

69 599 146 642 quia
177 599 311 643 ,‚qui²)
336 601 454 645 perdet
484 601 632 633 animam
663 614 758 633 suam
789 609 933 644 propter
960 612 1033 638 me,
1069 599 1195 631 salvam

66 660 165 693 saciet
189 666 304 694 cam.“
351 662 494 695 Salutari
527 675 605 703 crgo
636 661 828 706 perditione
851 660 963 705 perdit
983 659 1082 693 Jesus
1106 672 1195 706 eum,

66 734 166 764 quem
192 723 234 754 de
258 721 356 768 hujus
380 723 500 756 mundi
524 723 656 757 civitate
680 723 878 756 liberaverit.
925 721 968 754 Et
995 734 1059 754 nos
1081 720 1194 764 itaque

64 782 90 814 si
115 784 156 815 ad
180 783 320 816 salutem
346 783 458 816 venire
481 785 654 824 volumus,
678 793 710 818 et
734 785 776 817 de
800 785 866 817 hoc
891 784 1022 816 mundo
1047 781 1195 820 liberari,

63 844 207 887 perdere
231 845 393 877 debemus
418 845 545 879 animas
569 855 699 879 nostras
729 845 921 890 perditione
954 843 1043 883 utili,
1079 851 1111 875 et
1134 855 1193 875 ne-

65 905 214 938 cessaria.
260 906 378 939 Perdit
402 906 491 939 enim
523 906 669 941 animam
699 907 886 940 secundum
913 905 1102 945 Christum,
1134 904 1192 949 qui

64 966 227 1000 desideria
259 966 331 1013 ejus
363 969 524 1008 refrenat,
561 969 618 1013 qui
644 968 841 1013 cupiditates
864 967 935 1014 ejus
959 975 1101 1006 resecat,
1134 965 1192 1010 qui

63 1028 230 1061 luxuriam
256 1028 325 1072 ejus
350 1029 662 1074 resolutionemque
686 1031 829 1072 castigat,
854 1038 886 1062 et
908 1030 942 1061 in
968 1029 1065 1061 nullo
1089 1040 1190 1072 pror-

62 1103 116 1121 sus
130 1089 206 1122 facit
224 1091 430 1123 voluntatem
444 1104 551 1131 suam,
575 1093 633 1124 sed
652 1092 858 1124 voluntatem
877 1090 960 1123 Dei:
984 1098 1015 1121 et
1033 1101 1095 1133 per
1108 1088 1191 1121 haec

62 1150 173 1194 perire
187 1151 311 1184 dicitur
327 1152 447 1183 anima.
477 1151 581 1185 Periit
603 1165 752 1196 namque
777 1152 841 1184 vita
865 1150 935 1196 ejus
959 1151 1064 1195 prior,
1090 1159 1122 1182 et
1137 1149 1188 1182 in-

61 1211 143 1256 cipit
172 1226 296 1245 novam
320 1214 440 1252 vitam,
471 1226 558 1257 quae
588 1213 623 1246 in
650 1213 784 1247 Christo
810 1222 866 1253 est,
889 1214 1024 1245 ducere.
1073 1212 1191 1245 Simile

61 1283 173 1306 autem
199 1274 276 1306 huic
302 1274 392 1306 dicto
419 1274 517 1306 etiam
544 1275 628 1307 illud
654 1284 715 1307 cst:
750 1275 797 1313 „si
813 1275 850 1317 3)
877 1274 1134 1313 commorimur,
1158 1282 1189 1306 et

60 1334 307 1368 convivemus.“
352 1335 395 1367 Et
418 1335 519 1367 illud:
542 1336 592 1375 „si
605 1334 641 1379 4)
665 1345 777 1368 autem
802 1335 929 1368 mortui
952 1335 1026 1368 estis
1053 1336 1095 1367 ab
1121 1335 1187 1367 ele-

58 1396 179 1430 mentis
191 1395 291 1441 hujus
304 1396 433 1436 mundi,
458 1397 637 1440 quomodo
654 1398 744 1430 velut
763 1397 908 1429 viventes
927 1396 961 1428 in
976 1397 1043 1429 hoc
1056 1397 1187 1429 mundo

60 1458 292 1491 decernitis?“
325 1458 521 1491 Necessario
553 1471 631 1501 ergo
667 1459 763 1492 etiarn
794 1459 829 1491 iu
843 1458 878 1503 ⁵)
910 1458 960 1491 his
989 1457 1189 1497 declaratur,

59 1520 136 1564 quia
152 1519 299 1564 perdidit
319 1520 468 1553 animam
492 1534 587 1553 suam
611 1520 647 1553 in
671 1521 738 1553 hoc
759 1521 903 1559 munde,
926 1519 1074 1564 quicum
1090 1518 1189 1553 Chri-

58 1589 108 1613 sto
133 1581 292 1613 moritur:
327 1591 357 1614 et
382 1581 440 1625 qui
464 1581 516 1614 hic
542 1596 615 1615 eam
639 1581 843 1627 perdiderit,
872 1581 1020 1614 inveniet
1042 1594 1117 1614 eam
1140 1581 1188 1614 ibi

59 1642 131 1674 sine
147 1641 263 1681 dubio,
287 1641 346 1674 ubi
364 1642 444 1675 dicit
460 1643 654 1687 Apostolus,
677 1643 756 1688 quia
769 1643 855 1684 „vita
872 1641 908 1687 6)
921 1651 1026 1677 vestra
1043 1644 1187 1676 abscon-

59 1702 128 1735 dita
153 1712 199 1735 est
223 1716 300 1736 cum
325 1702 460 1736 Christo
484 1703 520 1736 in
544 1703 666 1738 Deo:“
691 1704 745 1738 cui
768 1705 875 1747 gloria
898 1705 935 1738 in
957 1714 1093 1738 aeterna
1116 1716 1187 1738 sae-

60 1764 133 1795 cula
165 1766 389 1798 saeculorum.
437 1765 563 1798 Amen!

156 1915 190 1956 1)
215 1914 285 1947 cfr.
310 1915 390 1947 Luc.
414 1915 490 1956 xv,
515 1916 565 1951 13.
591 1930 662 1961 sqq.
759 1917 796 1961 2)
821 1916 900 1950 Luc.
926 1918 987 1958 ix,
1004 1905 1061 1953 ⁸24.

154 1970 190 2013 3)
214 1970 245 2001 11
270 1971 359 2003 Tim.
385 1971 425 2010 ιι,
450 1972 501 2004 11.
643 1971 680 2014 ⁴)
705 1972 836 2006 coloss.
859 1973 902 2012 11,
923 1975 979 2008 20.

154 2026 190 2068 ⁵)
214 2026 306 2060 Edd.
326 2026 478 2060 Merlini:
504 2028 540 2062 in
564 2028 603 2062 iis
628 2029 831 2070 declaratur,
852 2029 930 2075 quia
953 2029 1065 2076 perdit
1090 2039 1151 2064 etc.

154 2082 193 2125 ⁶)
219 2081 349 2117 001055.
372 2083 433 2126 111,
456 2084 487 2118 3.
999 2077 1003 2083 ”
