1427 2460
319 100 357 125 m
382 91 564 125 Nummos
588 90 748 123 HommA
768 89 898 123 XXIV.
1104 89 1172 124 299

41 183 122 216 ritus
139 181 173 226 ¹)
204 180 396 214 castitatem.
451 180 496 212 Et
528 179 555 212 si
580 180 764 213 offeramus
789 178 818 212 ei
842 192 977 212 sensum
1003 188 1172 223 nostrum,

42 243 244 288 accipiemus
268 242 310 274 ab
334 241 409 286 ipso
435 253 570 274 sensum
594 239 715 284 ipsius;
749 240 835 274 sIcut
859 250 891 273 et
915 241 1098 285 Apostolus
1123 241 1176 273 di-

42 306 156 339 debat:
187 316 279 344 „nos
294 302 331 346 2)
363 311 474 335 nutem
500 301 646 335 Domini
671 300 796 334 Christi
820 314 953 336 sensum
979 302 1174 336 habemus.“

42 366 131 399 Cum
157 374 269 398 autem
293 377 357 397 nos
383 362 607 397 obtulerimus
629 363 708 395 Deo
734 375 821 407 quae
842 362 879 396 in
902 363 1003 397 nobis
1026 373 1122 404 sunt,
1146 375 1179 398 et

39 426 98 460 ille
131 425 313 459 contulerit
341 424 378 459 in
401 438 465 458 nos
490 437 576 469 quae
599 437 659 458 sua
681 433 775 464 sunt,
805 433 887 457 tunc
910 437 988 457 vere
1009 424 1078 470 jam
1101 438 1177 459 non

40 488 147 521 homo
179 487 397 527 solum‚'sed
427 487 533 519 homo
559 486 666 519 homo
698 486 861 519 dicemur.
908 486 1061 530 Uterque
1085 487 1178 520 enim

39 550 148 583 homo
173 548 332 582 vocabuli
355 547 408 581 sui
431 547 639 592 perfectione
664 548 823 581 decenter
847 557 987 581 ornatus
1007 556 1064 582 est.
1110 548 1178 582 Ista

40 620 119 645 sunt
143 623 222 653 ergo
246 619 340 650 vota,
366 621 453 653 quae
476 610 577 642 debet
600 610 771 642 exsolvere
795 609 838 649 is,
864 609 922 653 qui
943 609 1050 642 homo
1068 609 1178 643 homo

0 701 1 706 ,
41 672 242 717 appellatur.
273 671 354 705 Scio
379 671 508 704 diversa
522 679 600 703 vota
619 670 655 703 in
670 670 854 714 Scripturis
873 670 1002 703 referri.
1028 670 1179 716 Anna3)

42 733 180 779 quidem
205 733 294 766 vovit
306 732 384 765 Deo
413 733 563 765 fructum
586 732 710 765 ventris
731 731 794 772 sui,
818 740 850 764 et
874 731 1070 765 Samuelem
1094 745 1179 765 con-

41 794 180 828 secravit
203 793 239 826 in
263 793 403 838 temp10.
451 793 546 827 Alius
558 792 606 837 ⁴²),
631 794 863 838 quodcunque
885 792 950 826 sibi
972 802 1052 837 post
1070 793 1178 826 victo-

42 858 127 890 riam
163 854 319 889 redeunti
358 854 558 889 occurrisset
591 854 681 887 vovit
714 853 812 894 Deo,
853 854 938 898 et⁵)
978 865 1180 900 occurrente

27 918 130 962 ⁴filia,
155 925 233 950 vota
257 916 467 950 lacrimanda
491 916 663 960 persolvit.
711 914 778 948 Alii
801 914 939 956 vitulos,
970 925 1028 949 aut
1051 917 1180 958 arietes,

42 988 100 1012 aut
132 979 275 1018 domos,
310 987 368 1011 aut
407 978 470 1011 alia
504 976 703 1022 hujusmodi
735 976 867 1010 ratione
899 979 1065 1019 carentia,
1101 988 1179 1012 vota

42 1041 194 1074 offerunt
217 1039 307 1075 Deo.
354 1040 416 1073 Ille
439 1052 532 1079 vero,
557 1039 615 1084 qui
640 1038 834 1083 appellatur
850 1039 1051 1079 Nazaraeus,
1073 1050 1180 1074 semet

42 1103 155 1147 ipsum
198 1102 334 1134 devovit
367 1102 458 1137 Deo.
516 1099 595 1134 Hoc
639 1109 686 1133 est
727 1099 817 1133 enim
853 1109 972 1134 votum
1006 1102 1180 1143 Nazaraei,

43 1164 139 1208 quod
171 1171 219 1196 est
248 1173 351 1207 super
386 1175 489 1195 omne
521 1171 648 1195 votum.
702 1162 791 1195 Nam
820 1161 930 1195 filium
956 1163 1098 1204 offerre,
1128 1166 1181 1198 vel

44 1224 168 1264 filiam,
196 1232 254 1257 aut
285 1237 407 1268 pecus,
438 1232 496 1256 aut
523 1222 721 1268 praedium,
756 1223 824 1256 hoc
855 1232 965 1256 totum
996 1234 1086 1258 extra
1116 1240 1180 1261 nos

46 1294 104 1319 est.
157 1285 274 1318 Semet
304 1284 416 1329 ipsum
441 1285 520 1317 Deo
555 1286 698 1326 offerre,
738 1293 770 1317 et
801 1297 873 1317 non
905 1285 1018 1318 alieno
1049 1287 1181 1330 labore,

45 1348 104 1381 sed
140 1345 284 1392 proprio
324 1347 479 1390 placere,
518 1345 585 1378 hoc
624 1355 671 1379 est
702 1346 883 1391 perfectius
916 1356 948 1379 et
980 1348 1182 1383 eminentius

46 1409 207 1443 omnibus
231 1407 332 1441 votis:
365 1408 459 1451 quod
486 1407 544 1451 qui
567 1407 665 1447 facit,
695 1407 846 1441 imitator
865 1417 913 1441 est
937 1408 1072 1443 Christi.
1120 1411 1183 1444 Ille

46 1471 137 1504 enim
172 1469 266 1503 dedit
298 1468 430 1502 homini
454 1478 595 1509 terram,
626 1482 742 1510 mare,
776 1478 809 1502 et
833 1469 947 1503 omnia
975 1484 1061 1515 quae
1084 1472 1118 1505 in
1143 1473 1181 1507 iis

46 1541 141 1572 sunt,
172 1532 214 1565 ad
248 1530 449 1575 obsequium
480 1531 576 1564 dedit
606 1540 637 1564 et
668 1531 821 1571 coelum,
854 1531 962 1564 solem
989 1545 1128 1577 quoque
1152 1545 1185 1568 et

48 1595 184 1633 lunam,
207 1605 246 1625 ac
269 1593 400 1632 stellas,
424 1592 604 1625 hominum
629 1592 816 1625 ministerio
842 1593 1018 1626 concessit:
1042 1595 1184 1638 pluvias,

47 1664 183 1694 ventos,
213 1662 246 1687 et
270 1666 372 1686 omne
397 1653 559 1698 quicquid
583 1653 618 1686 in
643 1656 774 1688 mundo
800 1663 862 1693 est,
894 1655 1092 1689 hominibus
1117 1657 1183 1689 lar-

49 1716 134 1759 gitus
174 1725 233 1748 est.
291 1714 360 1748 Sed
401 1724 479 1759 post
520 1716 605 1748 haec
643 1715 758 1748 omnia
794 1725 898 1748 semet
932 1715 1042 1760 ipsum
1080 1719 1184 1752 dedit.

49 1777 133 1816 „Sic
149 1776 187 1820 6)
212 1776 301 1809 enim
328 1776 443 1809 dilexit
466 1777 561 1810 Deus
585 1779 766 1817 mundum,
790 1787 827 1809 ut
849 1776 957 1809 filium
980 1792 1079 1811 suum
1106 1781 1182 1813 uni-

48 1838 197 1879 genitum
220 1838 337 1870 ὀποῦ*
360 1851 424 1882 pro
444 1838 565 1871 mundi
585 1837 683 1884 hujus
698 1838 771 1872 vita.
809 1839 903 1883 Quid
923 1852 1002 1881 ergo
1025 1854 1183 1882 magnum

145 1942 180 1987 ¹)
205 1942 292 1976 Cod.
335 1945 439 1977 sancti
492 1945 719 1978 Theodorici:
765 1944 925 1988 „spiritus
971 1946 1185 1980 castitate1n.“

50 1986 144 2021 Libri
168 1989 248 2021 editi
274 1988 322 2032 (v.
348 2003 375 2022 c.
401 1990 478 2023 edd.
508 1990 592 2033 Μ.);
617 1990 748 2035 „ipsius
773 1990 989 2024 castitatem.“
1035 1992 1076 2024 R.

142 2043 180 2089 2)
204 2044 218 2076 I
239 2044 320 2077 Cor.
346 2045 387 2085 ΙΙ,
412 2046 464 2080 16.

148 2099 187 2144 ³)
213 2099 283 2131 Cfr.
310 2100 431 2134 lSam.
459 2101 480 2134 1.
506 2102 539 2144 (l
565 2101 686 2145 Regg.)

145 2154 182 2199 4)
208 2155 277 2188 Csr.
302 2156 416 2189 Judic.
442 2156 502 2190 XI.

145 2211 182 2250 ⁵)
205 2211 310 2244 Deest
340 2217 428 2252 „·:t“
462 2213 495 2245 in
522 2214 574 2249 cd.
600 2213 715 2246 Ruaei.

146 2266 183 2310 ⁶)
207 2268 265 2301 Ev.
292 2268 418 2303 Joann.
444 2270 504 2309 ΙΙΙ,
530 2270 583 2304 16.
