1427 2460
379 82 415 105 m
440 72 618 105 Nummos
643 70 804 103 HOM1L1A
825 71 867 102 X.
1147 70 1192 104 93

62 176 174 200 tecum
199 163 334 198 sumetis
356 170 494 208 peccata
520 164 747 195 sanctorum.“
803 159 890 193 Mihi
916 169 1025 193 autem
1050 174 1121 193 non
1144 161 1191 193 vi-

63 228 160 261 detur
192 225 355 263 otiosum,
402 224 497 268 quod
535 231 730 255 sanctorum
762 231 898 266 peccata
938 231 1193 255 commemorat.

61 289 103 322 In
135 286 248 321 multis
282 285 405 318 etenim
439 283 633 329 Scripturae
667 282 749 316 locis
779 297 890 316 sermo
922 284 982 317 iste
1018 283 1191 330 repetitur.

62 349 164 382 Unde
184 347 424 391 requirendum
449 355 506 388 est,
532 346 710 390 quomodo
737 354 767 377 et
782 344 886 377 sancti
907 344 1064 378 dicantur
1079 344 1193 389 aliqui,

63 420 94 444 et
123 411 171 442 de‘
196 408 340 453 peccatis
373 421 492 441 eorum
525 408 700 441 scribatur.
754 407 833 439 Non
859 406 968 446 enim,
1004 416 1040 439 ut
1072 415 1194 450 Putant

62 471 212 516 quidam,
235 469 346 502 statim
372 479 408 502 ut
433 468 505 513 quis
528 478 661 502 sanctus
685 481 754 501 esse
778 467 938 512 coeperit,
961 480 1101 512 peccare
1125 467 1194 513 jam

23 565 27 570 ,
61 546 132 566 non
155 541 281 576 potest,
322 540 353 563 et
385 531 547 563 continuo
579 528 652 563 sine
674 538 813 574 peccato
844 530 1015 573 putandus
1047 538 1101 562 est.
1157 530 1195 563 Si

62 594 151 627 enim
182 603 314 627 sanctus
343 605 415 625 non
447 600 618 637 peccaret,
654 604 725 623 non
756 590 872 634 utique
903 591 1064 636 scriptum
1092 601 1194 625 esset:

61 655 221 697 „sumetis
237 654 271 699 1>
295 663 429 699 peccata
454 655 680 686 sanctorum.“
734 652 772 686 Si
801 661 934 685 sanctus
959 653 1031 685 sine
1054 663 1193 697 peccato

63 726 160 756 esset,
191 730 262 749 non
295 715 420 749 diceret
450 713 619 747 Dominus
650 726 713 757 per
744 713 955 746 Ezechielem
988 716 1194 759 prophetam

62 780 106 811 ad
139 779 291 820 angelos,
336 789 422 820 quos
453 775 606 808 mittebat
635 784 829 820 peccatores
858 775 997 819 punire:
1035 785 1095 815 „et
1107 776 1143 819 ²)
1176 790 1195 809 a

62 839 182 873 sanctis
206 838 288 871 meis
312 837 509 882 incipietis.“
554 837 591 870 Si
616 837 703 870 enim
729 837 835 870 sancti
848 836 919 869 sine
943 846 1083 881 peccato
1107 846 1196 877 sunt,

66 901 243 946 quomodo
268 899 332 945 ipsi
355 898 457 943 primi
482 899 707 932 succumbunt
728 898 813 943 in3)
842 898 1012 943 suppliciis
1036 908 1193 943 peceato-

62 961 164 996 rum?
213 961 250 995 Si
284 960 389 995 sancti
418 960 490 993 sine
524 969 662 1005 peccato
703 970 825 1000 essent,
860 973 1037 1004 nunquam
1069 959 1217 1011 diceret¹

64 1023 249 1069 Scriptura,
273 1021 350 1067 quia
382 1021 561 1067 „justus⁴)
590 1023 626 1054 in
656 1021 826 1066 principio
850 1022 1015 1054 sermonis
1045 1021 1096 1054 sui
1124 1021 1196 1066 ipse

41 1086 45 1090 ”
63 1085 115 1120 sui
139 1093 314 1119 accusator
338 1085 406 1116 fit.“
445 1084 481 1117 Si
503 1084 607 1116 sancti
629 1083 700 1116 sine
719 1092 858 1127 peccato
877 1092 994 1123 essent,
1018 1095 1196 1127 nunquam

64 1146 191 1180 Paulus
225 1145 396 1190 apostolus
436 1145 578 1184 diceret,
620 1144 784 1177 Romanis
819 1144 986 1177 scribens:
1022 1143 1196 1188 ‚,nolite⁵)

66 1217 208 1253 propter
240 1206 353 1239 cibum
386 1206 516 1238 solvere
547 1219 632 1249 opus
663 1205 778 1238 Dei:“
821 1205 942 1250 quibus
966 1205 1001 1238 in
1026 1205 1196 1251 principio

66 1269 225 1313 epistolae
247 1266 438 1311 scripserat:
463 1266 703 1311 ‚,omnibus‚⁶)
729 1266 787 1311 qui
810 1276 888 1299 sunt
903 1267 1043 1307 Romae,
1068 1267 1198 1301 dilectis

65 1330 142 1370 Dei,
166 1328 290 1362 vocatis
313 1328 466 1363 sanctis.“
512 1328 557 1360 Et
580 1328 701 1361 iterum
724 1328 815 1361 idem
839 1329 1028 1372 Apostolus
1060 1330 1102 1361 ad
1128 1327 1198 1361 Co-

64 1388 207 1422 rinthios
231 1388 378 1421 scribens
406 1388 502 1421 dicit:
527 1389 684 1428 ‚,Paulus,
699 1389 735 1434 ⁷)
759 1398 895 1422 vocatus
919 1389 1093 1433 apostolus
1117 1390 1198 1423 Jesu

67 1450 223 1484 Christi.“
267 1450 313 1482 Et
335 1460 413 1494 post
435 1463 561 1494 pauca:
593 1450 772 1490 „ecclesiae
783 1450 819 1494 ⁸)
844 1450 921 1490 Dei,
946 1464 1031 1495 quae
1057 1460 1104 1484 est
1128 1451 1197 1484 Co-

67 1511 180 1552 rinthi,
204 1510 416 1553 sanctificatis
439 1510 474 1543 in
501 1510 635 1544 Christo
660 1512 752 1552 Jesu,
776 1511 900 1544 vocatis
923 1512 1076 1545 sanctis.“
1114 1513 1199 1546 Istos

66 1586 157 1616 ergo,
181 1586 265 1617 quos
290 1572 530 1612 sanctificatos,
562 1581 594 1605 et
615 1583 748 1607 sanctos
771 1574 937 1618 appellat,
969 1574 1048 1607 audi
1074 1584 1199 1618 quanta

65 1634 101 1667 in
132 1634 171 1668 iis
204 1643 341 1679 peccata
378 1634 614 1678 reprehendat.
679 1635 734 1668 Ait
769 1634 858 1668 enim
890 1635 925 1667 iu
965 1635 1199 1679 sequentibus:

66 1709 169 1737 „cum
181 1695 218 1740 ⁹)
243 1694 332 1728 enim
357 1694 422 1728 sint
444 1695 533 1728 inter
556 1708 614 1729 vos
632 1695 874 1728 aemulationes
899 1704 930 1728 et
955 1697 1200 1737 contentiones,

67 1770 184 1790 nonne
209 1757 358 1789 carnales
382 1755 474 1796 estis,
509 1765 541 1789 et
564 1758 751 1790 secundum
774 1756 949 1790 hominem
977 1758 1200 1792 ambulatis&

67 1818 112 1851 Et
134 1817 275 1851 iterum:
303 1816 463 1863 ‚,jam¹⁰)
496 1818 611 1852 divites
634 1818 713 1852 facti
737 1818 829 1859 estis,
861 1819 932 1851 sine
956 1818 1057 1852 nobis
1081 1832 1198 1862 regna-

161 1979 197 2023 ¹)
220 1979 324 2012 Num.
348 1978 474 2019 XVIII,
499 1981 528 2013 1.
623 1980 660 2023 ²)
683 1979 805 2012 Ezech.
829 1979 889 2018 IX,
911 1979 942 2013 6.

160 2035 197 2079 ³)
222 2035 325 2067 Deest
348 2034 426 2074 ,‚in“
449 2034 485 2067 in
508 2036 580 2068 sola
604 2037 656 2069 ed.
680 2036 722 2069 R.

158 2090 196 2135 ⁴)
219 2091 321 2124 Prov.
345 2091 470 2132 XVIII,
495 2091 547 2126 17.
643 2091 678 2136 ⁵)
705 2090 776 2124 Cfr.
801 2088 901 2124 Rom.
926 2091 1019 2131 XIV,
1044 2092 1097 2126 20,

161 2147 199 2190 ⁶)
223 2147 324 2180 Rom.
347 2147 374 2186 I,
398 2147 431 2182 7.
526 2146 562 2191 ⁷)
587 2148 601 2180 I
628 2147 708 2181 Cor.
732 2147 758 2187 I,
782 2146 813 2180 1.

161 2201 198 2246 8)
221 2202 237 2234 I
263 2201 343 2235 Cor.
367 2201 392 2242 I,
413 2203 446 2236 2.
481 2217 489 2222 ”
541 2202 578 2244 ⁹)
603 2203 620 2236 Ι
645 2202 723 2236 Cor.
748 2202 808 2242 Ill,
831 2203 862 2236 3.

141 2257 198 2301 ¹⁰)
222 2259 237 2290 I
263 2257 341 2291 Cor.
368 2258 425 2297 IV,
448 2259 479 2292 8.
