1427 2460
219 120 264 154 50
697 118 878 152 Omsnms

228 210 398 251 singulare
421 208 548 253 aliquid
575 216 605 240 ct
629 207 789 241 eximium
814 207 938 241 dicitur
961 207 1047 247 hoc,
1071 207 1166 252 quod
1189 219 1292 252 supra
1316 207 1369 241 di-

231 272 357 310 ximus,
389 271 467 315 quia
500 279 675 313 peccatum
709 283 781 302 non
805 269 896 310 fecit,
922 279 1052 303 constat
1075 270 1225 314 reliquos
1250 281 1369 301 omnes

230 334 330 366 fuisse
354 333 416 364 sub
443 340 595 375 peccato.
652 330 688 363 Si
714 343 850 371 omnes,
886 331 1078 364 necessario
1115 340 1148 363 et
1170 330 1368 375 prophetas.

231 395 275 427 Et
300 394 478 438 quomodo
505 392 700 430 conveniet,
736 401 773 424 ut
804 402 958 437 tempore
989 392 1119 437 peccati
1148 394 1308 425 mansisse
1331 391 1368 424 in

231 455 270 488 iis
305 455 456 488 dicamus
489 453 653 498 Spiritum
685 453 863 486 sanctum?
911 456 980 486 Aut
1014 453 1042 486 si
1074 453 1135 486 tibi
1166 453 1368 486 incredibile

232 516 375 555 videtur,
398 516 592 560 prophetas,
617 524 796 559 postquam
811 525 1010 560 acceperant
1030 515 1196 561 spiritum,
1219 514 1368 559 potuisse

230 591 383 623 peccare,
408 578 450 610 ad
477 577 567 609 hunc
591 576 702 621 ipsum
726 577 868 616 Mosen,
903 590 1005 621 quem
1040 577 1205 609 habemus
1236 576 1271 608 in
1295 587 1368 608 ma-

232 640 349 678 nibus,
379 648 604 677 revertamur,
645 639 701 682 qni
722 637 854 682 -utique
884 639 1050 671 maximus
1081 647 1130 671 est
1159 647 1192 670 et
1230 636 1369 670 eximius

233 701 490 746 prophetarum.
549 700 621 743 lpse
646 701 688 731 de
713 712 746 732 se
770 699 906 739 scribit,
931 709 963 732 et
985 699 1219 733 testimonium
1244 699 1301 731 dat
1325 698 1368 731 de

231 772 335 796 semet
358 762 444 806 ipso,
469 762 546 805 quia
572 762 761 805 peccaverit
790 760 826 793 in
852 774 912 800 eo,
952 775 1021 806 quo
1047 761 1146 795 dixit:
1181 760 1317 800 „audite
1332 758 1367 804 ¹)

232 837 287 856 me
310 821 493 856 increduli:
519 822 685 866 numquid
715 824 756 855 de
780 831 875 866 petra
899 822 959 856 ista
973 824 1166 867 producere
1183 821 1278 854 vobis
1301 834 1368 866 po-

232 885 370 918 terimus
396 883 561 928 aquam?“
587 884 624 916 ln
653 885 691 917 iis
718 884 806 916 enim
833 882 928 916 dictis
952 896 1026 916 non
1049 883 1268 917 sanctificavit
1290 881 1369 916 Do-

233 945 364 979 minum
390 946 424 977 in
450 958 535 989 aqua
564 945 857 978 contradictionis:
890 946 926 978 id
952 953 1017 986 est,
1046 958 1119 977 non
1151 954 1200 978 est
1230 946 1308 978 fisus
1331 944 1369 977 in

233 1008 355 1040 virtute
379 1007 456 1046 Dei,
481 1016 512 1038 et
538 1020 608 1039 uon
634 1007 734 1047 dixit,
766 1007 844 1051 quia
867 1016 989 1051 potens
1015 1015 1062 1040 est
1087 1007 1182 1039 Deus
1206 1007 1250 1039 de
1271 1014 1369 1050 petra

234 1070 298 1102 hac
324 1068 469 1101 educere
492 1068 588 1102 vobis
618 1081 759 1112 aquam,
790 1069 850 1101 sed
882 1068 976 1111 quasi
1012 1080 1049 1100 ex
1074 1067 1283 1101 diffidentiae
1308 1080 1368 1100 cu-

232 1129 366 1176 jusdam
389 1129 564 1171 fragilitate
589 1128 780 1172 respondit,
818 1129 949 1161 dicens:
975 1128 1165 1172 „numquid
1178 1128 1215 1173 ²)
1240 1127 1368 1172 poteri-

234 1206 308 1224 mus
340 1190 437 1223 vobis
469 1191 511 1223 de
543 1198 639 1234 petra
670 1190 734 1222 hac
766 1190 912 1222 educere
944 1188 1118 1234 aquam?“
1166 1189 1257 1232 Quia
1288 1201 1367 1231 ergo

233 1261 411 1297 peccatum
446 1252 475 1284 ei
507 1251 542 1284 in
576 1250 614 1284 iis
646 1251 756 1284 verbis
786 1259 964 1295 reputatur
987 1265 1005 1285 a
1029 1251 1128 1291 Deo,
1159 1260 1290 1284 certum
1313 1259 1371 1290 est,

234 1314 328 1358 quod
354 1313 437 1345 haec
463 1325 539 1345 cum
565 1313 782 1357 loqueretur,
813 1325 885 1344 non
911 1314 953 1346 de
977 1312 1106 1357 Spiritu
1129 1322 1246 1346 sancto
1270 1313 1369 1345 locu-

234 1384 286 1408 tus
311 1374 370 1413 sit,
407 1375 467 1406 sed
499 1375 541 1406 de
572 1373 690 1418 spiritu
716 1373 855 1418 peccati.
915 1373 1024 1416 Quod
1046 1373 1074 1406 si
1099 1373 1296 1418 Scripturae
1321 1382 1370 1405 te-

233 1434 394 1469 stimonio
419 1443 530 1467 tantus
556 1434 724 1478 propheta
747 1435 864 1468 Moses
888 1435 1078 1468 ostenditur
1101 1434 1285 1480 aliquando
1309 1434 1369 1466 ha-

233 1497 345 1530 huisse
369 1496 404 1529 in
429 1509 463 1528 se
486 1495 642 1540 spiritum
667 1494 753 1536 Dei,
788 1495 973 1540 aliquando
998 1509 1078 1528 vero
1107 1509 1180 1529 non
1203 1495 1370 1535 habuisse,

233 1557 363 1602 peccati
386 1556 511 1589 scilicet
534 1565 707 1600 tempore,
741 1566 870 1590 certum
897 1566 961 1597 est,
995 1557 1074 1602 quia
1111 1558 1206 1593 ende
1231 1556 1369 1601 reliquis

232 1618 407 1663 prophetis
430 1617 546 1651 similis
571 1619 682 1651 forma
712 1619 861 1653 tenenda
895 1618 944 1652 sit.
1004 1618 1099 1662 Quid
1133 1627 1244 1651 autem
1270 1626 1302 1650 et
1326 1618 1369 1650 de

234 1679 367 1713 Davide
392 1678 529 1713 dicam?
567 1678 625 1723 qui
648 1692 712 1724 pro
738 1679 869 1724 Spiritu
904 1688 1043 1720 sancto,
1073 1689 1236 1724 tanquam
1268 1679 1326 1723 qui
1351 1692 1370 1712 a

235 1754 271 1775 se
295 1741 400 1786 possit
425 1740 560 1780 auferri,
586 1751 660 1773 orat
682 1754 727 1774 ne
751 1742 942 1781 auferatur,
966 1750 999 1774 et
1022 1740 1120 1774 dicit:
1145 1753 1211 1782 „ne
1223 1739 1260 1785 ³)
1284 1753 1368 1785 pro—

235 1802 326 1848 jicias
352 1815 406 1835 me
431 1817 449 1835 a
474 1801 560 1834 facie
585 1811 658 1841 tua,
694 1811 727 1834 et
752 1802 918 1846 Spiritum
943 1812 1096 1836 sanctum
1118 1811 1217 1835 tuum
1241 1814 1287 1834 ne
1310 1814 1370 1834 au-

235 1865 322 1897 feras
352 1877 371 1897 a
406 1867 491 1896 me.“
551 1863 590 1895 In
614 1863 832 1908 sequentibus
863 1877 943 1897 vero
977 1872 1140 1908 tanquam
1169 1876 1235 1908 pro
1267 1863 1369 1908 culpa

236 1925 386 1958 ablatum
419 1938 435 1956 a
467 1937 501 1957 se
533 1937 657 1958 munus
681 1924 844 1969 reposcit,
882 1934 914 1957 et
946 1923 1043 1958 dicit:
1075 1925 1202 1966 „redde
1215 1922 1252 1968 ⁴)
1283 1924 1368 1958 mihi

234 1985 394 2018 laetitiam
418 1985 570 2018 salutaris
594 1986 661 2026 tui,
691 1995 723 2019 et
745 1984 864 2031 spiritu
886 1985 1068 2030 principali
1092 1987 1258 2020 confirma
1280 1988 1370 2018 me.“

236 2045 331 2090 Quid
354 2059 433 2078 vero
460 2046 558 2079 etiam
584 2047 627 2079 de
650 2046 839 2080 Salomone
858 2046 1151 2081 commemorem?
1173 2060 1274 2092 quem
1299 2047 1367 2080 uti-

235 2119 301 2151 que
322 2120 425 2139 nemo
451 2107 549 2147 dicet,
571 2116 630 2140 aut
652 2108 725 2141 sine
750 2108 880 2154 Spiritu
903 2117 1019 2142 sancto
1042 2107 1208 2154 judicasse
1230 2107 1366 2154 judicia,

329 2244 364 2286 ¹)
387 2243 489 2276 Num.
515 2245 594 2284 XX,
620 2247 672 2281 10.
768 2246 804 2290 ²)
828 2247 931 2280 Num.
955 2246 1035 2287 XX,
1059 2248 1112 2282 10.

325 2298 363 2342 ὅ)
387 2298 509 2332 Psalm.
536 2300 589 2340 LI,
612 2303 665 2334 11.
761 2303 798 2346 ⁴)
822 2301 944 2335 Psatm.
970 2302 1024 2342 LI,
1048 2304 1102 2338 12.
