1427 2460
342 75 379 98 m
402 64 581 97 Nummos
607 62 768 96 HommA
787 62 894 95 XVII.
1117 61 1184 95 209

57 156 179 190 nacula
204 167 282 188 vero
305 163 382 188 sunt
405 153 596 187 habitacula
621 153 788 198 quaedam
812 165 944 196 eorum,
967 150 1024 195 qui
1047 162 1182 194 semper

55 217 90 250 in
115 217 166 250 via
189 226 282 256 sunt,
312 224 343 247 et
364 227 497 259 semper
519 215 710 255 ambulant,
741 227 804 248 nec
836 211 963 247 itineris
987 210 1038 245 sui
1061 210 1178 243 termi—

57 291 140 311 num
171 285 376 322 repererunt.
429 275 534 318 Igitur
562 276 670 309 Jacob
704 275 881 308 habendus
912 283 958 306 est
991 273 1026 306 in
1059 285 1179 305 eorum

47 333 226 384 ¹personis,
268 337 325 381 qui
354 337 389 369 in
421 337 549 372 actibus
580 347 612 370 et
635 350 740 382 opere
777 336 919 382 perfecti
947 344 1042 368 suut:
1077 334 1179 367 Israel

57 413 135 433 vero
165 398 215 431 illi
244 397 452 439 intelligendi
483 408 578 439 sunt,
611 398 669 444 qui
699 399 848 432 studium
879 409 955 439 erga
978 395 1177 440 sapientiam

56 473 94 497 ac
123 459 294 492 scientiam
326 469 455 500 gerunt.
512 459 601 503 Quia
640 473 718 502 ergo
756 473 900 504 operum
940 466 1177 501 gestorumque

54 519 206 553 exercitia
241 529 333 554 certo
366 521 434 554 fine
458 522 678 561 clauduntur,
703 542 744 547 —
768 533 879 565 neque
903 511 991 553 enim
1015 517 1086 552 sine
1109 517 1178 550 fine

52 590 99 614 est
129 594 272 625 operum
305 582 488 625 perfectio,
516 601 562 606 ——
591 583 651 615 ubi
683 581 916 627 adimpleverit
946 578 1019 625 quis
1051 577 1178 616 omnia,

49 654 137 686 quae
161 644 271 676 facere
295 643 430 683 debuit,
461 652 493 676 et
517 644 560 675 ad
584 644 686 676 finem
710 642 928 688 perfectionis
953 653 1098 685 operum
1120 652 1176 672 ve-

49 703 155 742 nerit,
188 703 350 748 perfectio
374 703 447 749 ipsa
470 718 632 749 operum,
667 705 758 737 bona
790 704 913 736 domus
938 701 1008 747 ejus
1033 715 1101 735 esse
1125 701 1176 734 di-

49 773 151 797 cetur.
197 764 329 797 Eorum
360 778 459 805 ver0,
491 765 550 810 qui
579 764 761 809 sapientiae
791 773 824 797 et
853 763 1011 796 scientiae
1035 774 1175 807 operam

50 826 148 866 dant,
181 825 342 869 quoniam
374 826 450 859 finis
481 826 595 860 nullus
627 836 692 859 est:
724 845 765 850 --
799 825 872 870 quis
897 824 987 857 enim
1011 824 1176 857 terminus

48 885 115 918 Dei
146 886 327 930 sapientiae
359 886 446 920 erit?
475 887 534 920 ubi
569 897 694 932 quanto
727 886 872 932 amplius
897 887 970 931 quis
993 884 1178 924 accesserit,

48 956 140 980 tanto
179 947 408 992 profundiora
444 947 608 989 inveniet,
644 957 676 981 et
706 957 832 993 quanto
871 947 975 989 magis
1012 954 1176 980 scrutatus

49 1009 167 1048 fuerit,
188 1017 283 1042 tanto
309 1023 346 1044 ea
365 1009 597 1043 -inefsabiliora
630 1019 661 1043 et
681 1007 1084 1053 incomprehensibiliora
1116 1009 1177 1041 de-

49 1070 254 1114 prehendet;
288 1070 641 1116 incomprehensibilis
673 1071 763 1104 enim
797 1080 828 1104 et
851 1069 1102 1103 inaestimabilis
1126 1078 1176 1102 est

49 1131 117 1164 Dei
139 1130 302 1175 sapientia
328 1146 386 1165 -ε
411 1132 539 1166 idcirco
565 1145 702 1172 eorum,
729 1132 786 1177 qui
809 1132 874 1165 iter
902 1130 1085 1176 sapientiae
1107 1128 1176 1162 Dei

48 1191 228 1233 incedunt,
261 1206 332 1226 non
358 1195 480 1227 domos
502 1192 637 1233 laudat,
672 1206 744 1226 non
770 1192 861 1226 enim
880 1201 1108 1237 pervenerunt
1131 1192 1174 1225 ad

49 1253 170 1293 finem,
206 1255 265 1287 sed
290 1255 510 1288 tabernacula
534 1254 693 1295 miratur,
730 1254 766 1287 in
800 1254 921 1299 quibus
943 1266 1078 1298 semper
1101 1266 1174 1286 am-

48 1315 184 1354 bulant,
210 1324 242 1348 et
265 1328 397 1360 semper
422 1315 622 1359 proficiunt,
647 1324 680 1348 et
703 1323 831 1360 quanto
856 1315 960 1356 magis
981 1313 1177 1359 proficiunt,

49 1385 144 1409 tanto
167 1375 206 1409 iis
231 1375 434 1421 proficiendi
457 1376 509 1409 via
533 1384 687 1418 augetur,
712 1384 743 1409 et
766 1374 849 1419 in¹)
873 1374 1077 1409 immensum
1099 1384 1175 1408 ten-

47 1437 155 1471 ditur:
194 1429 227 1470 et
260 1438 338 1471 ideo
369 1437 448 1471 istos
479 1437 571 1482 ipsos
594 1438 768 1482 profectus
791 1449 911 1469 eorum
935 1450 998 1482 per
1019 1435 1177 1482 spiritum

49 1509 224 1539 contuens,
248 1499 465 1532 tabernacula
489 1512 526 1532 ea
549 1498 705 1532 nominat
727 1498 838 1532 Israel.
883 1498 930 1531 Et
952 1511 1029 1531 vere
1051 1498 1078 1531 si
1102 1497 1177 1543 quis

49 1560 207 1594 scientiae
237 1560 375 1605 capit2)
406 1560 537 1605 aliquos
566 1562 758 1605 profectus,
793 1569 824 1593 et
856 1558 1077 1604 experimenti
1112 1558 1174 1592 ali-

51 1622 133 1667 quid
156 1621 192 1655 in
215 1622 338 1656 talibus
360 1622 496 1664 sumsit,
533 1622 592 1655 scit
615 1623 789 1666 profecto,
828 1621 923 1666 quod
953 1621 1014 1654 ubi
1045 1622 1089 1654 ad
1113 1621 1175 1654 ali-

51 1696 154 1728 quam
172 1692 306 1716 ventum
326 1683 427 1716 suerit
448 1683 626 1723 theoriam,
651 1692 683 1716 et
706 1682 913 1725 agnitionem
936 1681 1174 1728 mysteriorum

52 1743 292 1788 spiritualium,
312 1743 361 1778 ihi
386 1743 496 1778 anima
522 1745 615 1789 quasi
638 1743 672 1777 in
694 1744 845 1789 quodam
867 1742 1088 1776 tabernaculo
1114 1742 1175 1775 de-

52 1813 218 1838 moratur.
267 1804 355 1839 Cum
379 1820 458 1840 vero
483 1819 521 1839 ex
545 1805 663 1849 his‚³)
688 1817 775 1850 quae
797 1803 939 1850 reperit,
972 1802 1037 1837 alia
1060 1816 1175 1836 rursus

51 1867 201 1905 rimatur,
228 1876 259 1899 et
282 1867 324 1899 ad
349 1867 432 1901 alios
455 1866 590 1912 proficit
612 1866 808 1907 intellectus,
832 1865 913 1899 inde
936 1864 1031 1909 quasi
1048 1865 1175 1897 elevato

50 1928 272 1961 tabernaculo
304 1928 411 1961 tendit
444 1929 487 1962 ad
516 1928 706 1973 superiora,
744 1935 777 1960 et
812 1925 860 1960 ibi
893 1925 1040 1959 collocat
1070 1924 1176 1958 animi

50 1990 184 2030 sedem,
214 2002 372 2023 sensuum
396 1990 575 2024 stabilitate
606 1988 789 2022 confixam:
822 1997 855 2021 et
879 1987 960 2021 inde
983 1987 1102 2032 iterum
1136 2000 1175 2020 ex

143 2123 178 2167 ¹)
205 2123 308 2157 Deest
332 2123 408 2163 ,‚in“
431 2124 465 2157 in
491 2124 543 2157 ed.
569 2123 683 2157 Ruaei.

140 2181 177 2222 2)
201 2180 290 2213 Εᾶὀ.
316 2180 366 2213 M.
390 2191 586 2223 perperam:
610 2180 731 2224 coepit.

139 2235 176 2279 ³)
201 2235 289 2269 Edd.
313 2235 470 2268 Merlini:
492 2235 541 2269 iis.
845 2244 857 2257 s

49 2295 222 2331 Omezms
246 2298 383 2331 OPERA.
408 2296 504 2330 Τοινι.
525 2296 567 2329 Χ.
871 2298 914 2331 14
