1427 2460
189 57 259 92 228
672 53 849 87 Omonms

195 155 314 187 ventu,
337 143 467 190 inquit,
493 142 620 178 Christi
644 144 745 178 etiam
769 143 841 188 ipse
866 141 1033 178 hereditas
1058 141 1129 189 ejus
1155 142 1234 176 erit:
1264 142 1330 176 hoc
1366 131 1370 134 ⁵
1403 143 1406 150 “

197 218 261 250 est,
293 206 476 252 recipietur
507 206 550 238 ad
581 205 705 244 fidem,
740 217 805 238 nec
837 205 1034 239 excludetur
1065 205 1108 237 ab
1144 204 1331 238 hereditate

198 270 336 305 Christi.
383 268 420 302 Si
444 280 523 300 vero
548 267 766 312 spiritualiter
789 268 1012 307 advertamus,
1035 267 1152 300 Edom
1177 279 1256 300 caro
1281 265 1334 298 in-

197 331 366 375 telligitur,
392 342 478 376 quae
501 330 699 363 adversatur
719 328 863 373 spiritui,
887 339 919 362 et
943 339 990 362 est
1012 327 1157 361 inimica.
1205 328 1247 360 In
1272 327 1333 359 ad-

198 403 299 427 ventu
330 401 443 426 autem
477 390 621 432 Christi,
662 403 740 424 cum
772 389 923 435 subjecta
953 389 1055 423 fuerit
1088 402 1167 423 caro
1192 387 1334 434 spiritui,

197 470 260 502 per
282 453 537 489 resurrectionis
561 466 657 499 spem
683 453 782 486 etiam
805 451 878 496 ipsa
902 452 945 484 ad
969 452 1190 485 hereditatem
1215 450 1332 484 veniet.

197 519 279 552 Non
311 517 401 551 enim
432 516 505 548 sola
536 515 668 554 anima,
697 515 756 548 sed
781 523 812 547 et
838 526 936 554 caro,
961 526 1047 558 quae
1071 513 1255 557 aliquando
1280 513 1335 544 fu-

199 579 317 622 erat¹)
340 577 498 617 inimica,
530 590 593 622 per
617 576 849 610 obedientiam
864 575 1010 620 ‘spiritus
1035 587 1175 608 consors
1198 575 1334 606 futurae

197 640 393 676 hereditatis
418 639 556 673 exsistet.
602 638 667 679 „Et
682 638 719 683 ²)
744 638 846 671 Israel
869 636 946 670 fecit
968 637 1005 670 in
1029 637 1216 670 virtutem.“
1257 635 1333 669 Hoc

199 713 257 744 est,
281 702 377 748 quod
401 700 494 742 dicit,
518 700 595 745 quia
619 711 702 734 tuuc
726 700 858 738 Edom,
883 699 937 731 vel
960 698 1062 740 Esau,
1085 700 1152 732 hoc
1177 707 1235 738 est,
1259 711 1332 731 car-

197 765 249 799 nis
271 773 392 798 natura
417 763 453 796 in
478 762 670 795 hereditatis
693 760 888 794 societatem
913 760 1101 801 vocabitur,
1124 774 1200 794 cum
1222 760 1335 799 Israel,

197 827 310 870 anima
334 825 490 858 videlicet
514 823 602 857 facta
626 823 728 856 fuerit
749 822 786 856 in
810 822 979 862 virtutem,
1005 831 1036 856 et
1053 823 1211 856 decenter
1233 821 1335 855 fuerit

197 890 325 934 repleta
349 885 537 921 virtutibus.
575 885 613 919 Si
638 885 728 919 enim
752 884 862 918 anima
887 898 961 918 non
984 885 1095 917 veniat
1120 885 1162 918 ad
1187 884 1334 923 virtutes,

195 952 255 985 sed
277 950 313 984 in
335 948 468 992 ignavia
490 956 690 992 perseveret,
714 959 777 979 nec
802 959 880 979 caro
907 947 950 979 ad
969 945 1190 979 hereditatem
1211 945 1332 987 veniet,

194 1013 255 1046 sed
278 1012 322 1044 ad
345 1009 512 1056 judicium
534 1009 641 1049 illius,
675 1008 733 1053 qui
763 1017 875 1052 potest
889 1008 926 1051 ³)
951 1008 1119 1047 animam,
1152 1016 1184 1040 et
1207 1020 1332 1053 corpus

196 1074 341 1119 perdere
364 1072 401 1104 in
424 1071 623 1113 gehennam.
670 1070 741 1110 „Et
753 1068 790 1113 ⁴)
817 1078 967 1110 exsurget
991 1082 1028 1102 ex
1052 1070 1176 1109 Jacob,
1200 1078 1230 1102 et
1253 1082 1332 1114 per-

197 1137 254 1169 det
281 1135 463 1168 liberatum
494 1133 537 1166 de
570 1131 709 1165 civitate.
720 1135 738 1150 ‘⁸
783 1130 862 1170 Ille,
893 1130 1021 1175 inquit,
1046 1131 1103 1175 qui
1128 1130 1271 1172 exsurgit
1294 1140 1333 1163 ut

195 1198 290 1231 stella
323 1209 361 1229 ex
393 1194 523 1235 Jacob,
558 1193 678 1238 perdet
708 1193 888 1226 liberatum
921 1193 963 1225 de
994 1192 1134 1226 civitate.
1181 1193 1262 1225 Non
1294 1191 1330 1226 in

195 1260 262 1293 hoc
285 1257 419 1298 solum,
453 1254 512 1290 sed
541 1255 578 1288 in
604 1255 700 1288 omni
724 1267 812 1300 pene
834 1254 1039 1300 prophetico
1066 1254 1143 1289 stilo
1168 1267 1256 1300 quae
1280 1255 1330 1288 di·
1376 1260 1382 1268 ¹

195 1329 330 1361 cuntur,
353 1318 510 1352 involuto
534 1317 610 1351 satis
635 1326 667 1349 et
691 1317 839 1350 obscuro
864 1329 1022 1349 sermone
1046 1316 1215 1349 dicuntur.
1247 1316 1327 1351 Non

194 1382 286 1416 enim
309 1380 439 1426 placuit
460 1387 576 1413 sancto
602 1377 761 1422 Spiritui,
793 1377 851 1421 qui
876 1377 919 1409 de
942 1377 980 1410 iis
1004 1377 1107 1410 scribi
1130 1376 1258 1416 voluit,
1289 1386 1328 1410 ut

191 1444 307 1490 palam
330 1443 413 1476 haec
437 1449 470 1474 et
491 1440 653 1485 pedibus,
684 1449 720 1472 ut
743 1439 789 1472 ita
817 1437 946 1479 dicam,
977 1438 1216 1483 imperitorum
1242 1451 1325 1471 con-

193 1505 359 1540 culcanda
382 1511 612 1548 ponerentur:
646 1502 706 1535 sed
735 1500 782 1533 ita
811 1499 980 1546 providit,
1016 1508 1056 1532 ut
1087 1513 1164 1533 cum
1187 1500 1327 1545 publice

192 1566 311 1601 haberi
334 1565 528 1603 videantur,
561 1576 759 1596 sermonum
782 1572 895 1595 tamen
920 1560 1124 1595 obscuritate
1147 1561 1325 1596 recondita

192 1629 228 1663 in
252 1628 392 1668 arcanis,
417 1636 450 1660 et
472 1625 508 1659 in
531 1623 663 1659 secretis
688 1625 821 1657 obtecta
844 1632 1027 1657 serventur.
1063 1622 1109 1656 Et
1126 1637 1219 1657 nunc
1243 1636 1323 1666 ergo

191 1691 287 1736 quod
311 1689 372 1723 ait:
396 1686 584 1733 „perdet⁵)
607 1685 788 1719 liberatum
815 1686 857 1718 de
880 1684 1059 1718 civitate:“
1082 1684 1147 1719 nisi
1171 1686 1213 1718 ad
1239 1699 1324 1720 con-

188 1751 402 1787 suetudinem
414 1747 651 1795 propheticam
666 1746 833 1791 respicias,
857 1747 900 1780 de
921 1760 987 1791 qua
1007 1746 1142 1788 dicitur,
1165 1747 1324 1791 omnis⁶)

187 1812 370 1860 prophetia
392 1825 465 1845 non
489 1819 602 1855 potest
624 1808 764 1854 propria
789 1807 1006 1841 absolutione
1031 1817 1202 1850 constare,
1223 1809 1321 1844 valde

187 1874 333 1908 difficilis
364 1872 533 1906 vIdebitur
561 1871 760 1905 intellectus.
808 1870 992 1903 Videamus
1014 1879 1147 1910 tamen,
1179 1871 1206 1905 si
1230 1872 1321 1904 forte

185 1937 252 1970 hoc
276 1937 383 1970 modo
406 1934 532 1980 poterit
555 1933 736 1978 explanari.
785 1932 962 1967 Civitatem
995 1932 1050 1966 hie
1074 1932 1243 1966 mundum
1266 1930 1322 1964 in-

276 2079 311 2122 ¹)
334 2079 424 2112 Edd.
447 2079 607 2112 Merlini:
630 2079 742 2112 fuerit.
1028 2088 1031 2091 '
1272 2098 1278 2108 ι

272 2134 310 2179 ²)
335 2135 438 2167 Num.
461 2134 591 2175 XXIV,
616 2134 669 2170 18.
696 2154 736 2160 --
761 2133 849 2168 Edd.
874 2132 1033 2167 Merlini:
1057 2132 1093 2165 in
1116 2131 1246 2165 virtute.

271 2191 309 2233 ³)
335 2189 405 2223 Cfr.
429 2190 554 2224 Matth.
579 2190 624 2229 X,
647 2190 701 2224 28.
797 2189 834 2232 ⁴¹)
857 2189 960 2222 Num.
986 2188 1114 2228 XXIV,
1138 2187 1192 2222 19.

268 2246 304 2291 ⁵)
329 2247 432 2280 Num.
457 2245 585 2286 XXIV,
609 2245 662 2280 19.
759 2245 796 2288 ⁶)
821 2244 891 2283 Cfr,
919 2244 950 2277 lI
973 2243 1063 2278 Petr.
1089 2243 1114 2285 I,
1136 2244 1189 2279 20.
