1427 2460
357 107 394 130 m
418 97 597 129 Nummos
621 93 782 128 HommA
805 94 884 127 XX.
1129 95 1197 130 243

58 190 93 223 in
119 188 299 229 lasciviam,
322 195 355 221 et
379 187 421 219 ad
448 183 690 229 decipiendum
714 184 826 229 proba
853 184 959 217 existit
981 183 1192 228 improbitas.

58 251 128 284 Pro
153 251 264 290 nefas,
294 248 346 282 vix
370 247 575 292 prohibetur
595 245 706 279 libido
731 247 840 288 legum
866 246 983 287 minis,
1014 245 1066 278 vix
1091 246 1192 289 gladii

54 321 186 346 terrore
208 308 419 356 reprimitur!
433 317 438 326 ¹
452 308 547 353 Quid
572 308 704 342 sceleris
727 321 798 341 non
822 317 1004 353 perpetret,
1027 307 1087 340 ubi
1105 307 1190 347 faci·-

56 386 142 407 nore
173 385 234 406 suo
259 371 460 416 placituram
484 384 519 404 se
541 371 666 403 mulier
697 369 767 412 regi
792 369 953 409 credidit,
994 379 1026 402 et
1047 370 1190 403 salutem

55 433 184 479 patriae
216 431 466 477 quaesituram?
523 432 746 477 Captivantur
778 443 856 472 ergo
889 431 1077 471 Israelitae,
1116 443 1189 464 non

54 497 164 535 ferro,
188 495 247 528 sed
271 495 371 534 luxu,
394 508 457 527 nec
482 494 620 533 virtute,
648 494 705 526 sed
731 492 890 532 libidine,
922 501 954 525 et
976 492 1191 525 fornicantur

53 555 90 589 in
113 555 272 589 mulieres
295 555 537 589 Madianitidas
553 555 597 599 ¹),
622 564 654 588 et
677 554 726 587 ira
742 554 808 586 Dei
831 554 974 596 insurgit
995 566 1098 598 super
1122 565 1189 586 eos.

53 618 142 651 Sunt
164 618 302 663 quidem
327 617 362 650 in
386 617 425 650 iis
450 626 481 650 et
503 616 640 662 mystica
666 616 853 660 quaedam,
888 625 989 660 atque
1020 613 1189 648 interioris

50 679 293 721 intelligentiae
315 687 460 712 secreta:
491 679 551 711 sed
582 691 646 711 nos
669 677 783 722 primo
808 677 879 722 ipse
902 676 1061 710 historiae
1083 684 1190 709 textus

54 740 225 781 aedificet,
259 749 299 773 ut
324 741 491 774 discamus
524 752 562 772 ex
586 740 671 780 hoe,
706 740 869 784 quoniam
895 737 1102 781 adversus²)
1126 750 1190 770 nos

53 802 173 835 militat
204 801 406 841 fornicatio,
439 802 596 834 adversus
627 814 690 834 nos
722 799 916 844 jaculantur
938 799 1003 832 tela
1027 798 1190 831 luxuriae.

53 864 123 898 Sed
153 864 180 896 si
212 863 314 896 nobis
337 876 410 895 non
436 862 546 895 desint
570 874 683 902 arma,
715 861 837 905 quibus
860 873 923 895 nos
948 860 1072 894 armari
1094 859 1190 906 jubet

52 926 248 970 Apostolus,
271 923 470 971 hujusmodi
493 922 603 969 jacula
627 936 691 956 nos
715 924 887 956 terebrare
910 937 982 956 non
1014 929 1188 968 poterunt,

52 986 128 1031 si3)
145 986 186 1021 sit
207 986 308 1020 nobis
331 985 436 1019 lorica
467 985 630 1032 justitiae,
653 985 680 1018 si
702 985 888 1018 habeamus
910 985 1039 1028 galeam
1065 982 1190 1022 salutis,

52 1057 84 1081 et
106 1048 256 1090 gladium
279 1047 432 1093 spiritus,
457 1060 560 1092 super
571 1046 607 1092 ⁴)
634 1047 750 1080 omnia
773 1056 904 1080 scutum
929 1046 1029 1086 fidei,
1063 1054 1096 1078 et
1120 1044 1188 1077 cal-

52 1108 137 1142 ceati
166 1108 269 1142 simus
299 1109 404 1153 pedes
434 1110 470 1142 in
494 1108 756 1153 praeparatione
779 1107 952 1149 Evangelii
976 1107 1078 1152 pacis.
1124 1106 1189 1139 Ista

52 1179 130 1204 sunt
154 1183 265 1210 arma,
297 1182 385 1215 quae
416 1183 480 1203 nos
505 1170 694 1202 defendunt
716 1170 751 1202 in
774 1168 972 1215 hujusmodi
995 1169 1102 1201 bellis.
1151 1167 1188 1201 Si

52 1240 165 1264 autem
195 1231 273 1264 talia
305 1243 398 1264 arma
429 1230 647 1277 projicimus,
679 1230 788 1264 statim
824 1232 941 1263 locum
955 1230 991 1275 ⁵)
1016 1229 1187 1263 diabolico

50 1292 182 1325 vulneri
207 1293 346 1332 damus,
381 1301 413 1325 et
438 1291 589 1335 captivos
618 1305 682 1325 nos
713 1292 806 1324 ducit
837 1291 948 1325 omnis
980 1292 1187 1324 daemonum

51 1354 195 1387 chorus:
227 1363 327 1398 atque
360 1354 405 1386 ob
430 1353 496 1386 hoc
520 1354 570 1386 ira
595 1353 661 1385 Dei
692 1352 841 1394 insurget
852 1351 890 1397 ε”)
913 1365 1016 1397 super
1039 1366 1121 1391 nos,
1157 1361 1189 1385 et

49 1429 124 1449 non
147 1415 260 1448 solum
282 1414 317 1447 in
341 1414 511 1460 praesenti
536 1414 672 1447 saeculo
696 1414 898 1458 puniemur,
935 1427 1052 1446 verum
1085 1413 1185 1447 etiam

48 1476 84 1510 in
114 1478 241 1510 futuro.
290 1476 397 1520 Quod
430 1488 514 1517 ergo.
544 1475 625 1509 facit
653 1489 718 1510 nos
747 1476 881 1509 vincere
912 1475 948 1508 in
972 1475 1012 1508 iis
1035 1475 1186 1520 proeliis,

50 1551 138 1584 quae
157 1539 338 1572 ‘adversum
362 1551 427 1571 nos
453 1538 612 1571 diabolus
637 1546 846 1578 commovet,
869 1536 1034 1582 pudicitia
1059 1546 1124 1576 est,
1155 1546 1187 1570 et

49 1597 184 1646 justitia,
209 1607 243 1632 et
264 1600 456 1644 prudentia,
483 1609 514 1632 et
535 1599 651 1644 pietas,
676 1608 873 1644 ceteraeque
895 1598 1042 1632 virtutes.
1087 1598 1187 1642 Quae

53 1669 166 1694 autem
197 1660 328 1693 faciunt
358 1673 421 1694 nos
450 1659 556 1701 vinci,
586 1660 717 1694 luxuria
743 1670 808 1700 est,
836 1669 870 1693 et
892 1660 1021 1700 libido,
1051 1657 1187 1693 avaritia

54 1731 87 1755 et
108 1721 272 1766 impietas,
296 1720 475 1765 omnisque
498 1721 636 1755 malitia.
679 1721 774 1754 Haec
799 1733 879 1763 ergo
903 1730 991 1761 sunt,
1014 1733 1101 1766 qnae
1122 1730 1186 1755 nos

53 1782 213 1816 historiae
234 1791 341 1816 textus
365 1782 512 1815 edocuit.
553 1782 682 1815 Verum
707 1783 870 1827 quoniam
893 1784 1047 1817 Joannes
1070 1783 1107 1816 in
1130 1795 1185 1815 re·

148 1893 183 1939 ¹)
207 1894 297 1928 Edd.
319 1893 476 1927 Merlini:
499 1893 711 1928 Madianitas.

145 1951 181 1993 ²)
206 1950 454 1984 Desiderantur
477 1950 596 1983 verba:
628 1950 808 1991 „adversus
836 1962 900 1983 nos
928 1949 1049 1983 militat
1075 1947 1183 1982 forni-

60 1996 169 2036 cati0‚‘
199 1995 235 2027 in
260 1996 333 2029 sola
357 1996 409 2028 ed.
433 1995 550 2029 Ruaei.

145 2050 184 2095 ³)
209 2050 279 2087 Cfr.
302 2051 426 2096 Ephes.
451 2051 510 2092 VI,
535 2051 691 2085 13—17.

148 2106 185 2151 ⁴)
207 2107 299 2141 Edd.
321 2107 480 2141 Merlini:
504 2117 537 2141 et
559 2119 672 2151 super.

146 2163 183 2207 ⁵)
208 2162 296 2196 Cod.
320 2163 354 2196 S.
380 2162 590 2197 Theodorici
619 2161 833 2195 Rhemensis:
865 2161 1008 2201 „locum
1041 2162 1182 2196 diabolo

55 2207 199 2242 vulneris
223 2209 373 2245 damus.¹‘
419 2209 461 2242 R.

146 2263 184 2307 ὃ)
206 2264 271 2298 Ed.
295 2263 403 2297 Ruaei
427 2264 518 2298 sola:
541 2262 690 2305 insurgit.

831 2324 900 2359 16*
