<?xml version="1.0" encoding="UTF-8"?>
<!DOCTYPE html PUBLIC "-//W3C//DTD XHTML 1.0 Transitional//EN"
    "http://www.w3.org/TR/xhtml1/DTD/xhtml1-transitional.dtd">
<html xmlns="http://www.w3.org/1999/xhtml" xml:lang="en" lang="en">
 <head>
  <title>
</title>
<meta http-equiv="Content-Type" content="text/html;charset=utf-8" />
  <meta name='ocr-system' content='tesseract 3.04.00' />
  <meta name='ocr-capabilities' content='ocr_page ocr_carea ocr_par ocr_line ocrx_word'/>
</head>
<body>
  <div class='ocr_page' id='page_1' title='image "./operaomniaquaegr10orig_0047.png"; bbox 0 0 1427 2460; ppageno 0'>
   <div class='ocr_carea' id='block_1_1' title="bbox 402 89 1220 126">
    <p class='ocr_par' dir='ltr' id='par_1_1' title="bbox 402 89 1220 126">
     <span class='ocr_line' id='line_1_1' title="bbox 402 89 1220 126; baseline -0.004 -2"><span class='ocrx_word' id='word_1_1' title='bbox 402 103 437 126; x_wconf 80' lang='lat' dir='ltr'>m</span> <span class='ocrx_word' id='word_1_2' title='bbox 462 92 639 125; x_wconf 71' lang='lat' dir='ltr'>Nummos</span> <span class='ocrx_word' id='word_1_3' title='bbox 665 89 823 124; x_wconf 72' lang='lat' dir='ltr'>Homum</span> <span class='ocrx_word' id='word_1_4' title='bbox 843 90 900 122; x_wconf 87' lang='lat'><em>111.</em></span> <span class='ocrx_word' id='word_1_5' title='bbox 1175 89 1220 122; x_wconf 80' lang='lat'>25</span> 
     </span>
    </p>
   </div>
   <div class='ocr_carea' id='block_1_2' title="bbox 66 173 1234 1944">
    <p class='ocr_par' dir='ltr' id='par_1_2' title="bbox 66 173 1228 1330">
     <span class='ocr_line' id='line_1_2' title="bbox 93 173 1221 228; baseline -0.006 -11"><span class='ocrx_word' id='word_1_6' title='bbox 93 185 193 227; x_wconf 87' lang='lat' dir='ltr'>„Non</span> <span class='ocrx_word' id='word_1_7' title='bbox 209 184 243 228; x_wconf 87' lang='lat'>¹)</span> <span class='ocrx_word' id='word_1_8' title='bbox 268 184 357 216; x_wconf 83' lang='lat' dir='ltr'>enim</span> <span class='ocrx_word' id='word_1_9' title='bbox 392 194 527 222; x_wconf 86' lang='lat' dir='ltr'>omnes,</span> <span class='ocrx_word' id='word_1_10' title='bbox 559 181 616 225; x_wconf 83' lang='lat' dir='ltr'>qui</span> <span class='ocrx_word' id='word_1_11' title='bbox 641 193 679 214; x_wconf 84' lang='lat' dir='ltr'>cx</span> <span class='ocrx_word' id='word_1_12' title='bbox 702 173 834 219; x_wconf 41' lang='lat' dir='ltr'>Israels</span> <span class='ocrx_word' id='word_1_13' title='bbox 850 179 874 211; x_wconf 86' lang='lat' dir='ltr'>ii</span> <span class='ocrx_word' id='word_1_14' title='bbox 905 186 982 211; x_wconf 87' lang='lat' dir='ltr'>sunt</span> <span class='ocrx_word' id='word_1_15' title='bbox 1013 178 1221 211; x_wconf 68' lang='lat' dir='ltr'>Israetitae:“</span> 
     </span>
     <span class='ocr_line' id='line_1_3' title="bbox 93 239 1219 290; baseline -0.006 -11"><span class='ocrx_word' id='word_1_16' title='bbox 93 258 203 290; x_wconf 83' lang='lat' dir='ltr'>neque</span> <span class='ocrx_word' id='word_1_17' title='bbox 228 257 358 283; x_wconf 77' lang='lat' dir='ltr'>omnes,</span> <span class='ocrx_word' id='word_1_18' title='bbox 395 243 452 287; x_wconf 86' lang='lat' dir='ltr'>qui</span> <span class='ocrx_word' id='word_1_19' title='bbox 474 242 535 275; x_wconf 79' lang='lat' dir='ltr'>loti</span> <span class='ocrx_word' id='word_1_20' title='bbox 558 250 635 275; x_wconf 87' lang='lat' dir='ltr'>sunt</span> <span class='ocrx_word' id='word_1_21' title='bbox 659 255 764 286; x_wconf 82' lang='lat' dir='ltr'>aqua,</span> <span class='ocrx_word' id='word_1_22' title='bbox 790 239 953 274; x_wconf 80' lang='lat' dir='ltr'>continuo</span> <span class='ocrx_word' id='word_1_23' title='bbox 980 239 1079 273; x_wconf 84' lang='lat' dir='ltr'>etiam</span> <span class='ocrx_word' id='word_1_24' title='bbox 1103 248 1219 273; x_wconf 78' lang='lat' dir='ltr'>sancto</span> 
     </span>
     <span class='ocr_line' id='line_1_4' title="bbox 66 301 1222 352; baseline -0.007 -11"><span class='ocrx_word' id='word_1_25' title='bbox 66 308 69 310; x_wconf 64' lang='grc'><strong>’</strong></span> <span class='ocrx_word' id='word_1_26' title='bbox 94 307 222 352; x_wconf 82' lang='lat' dir='ltr'>Spiritu</span> <span class='ocrx_word' id='word_1_27' title='bbox 247 305 309 339; x_wconf 89' lang='lat' dir='ltr'>loti</span> <span class='ocrx_word' id='word_1_28' title='bbox 331 313 424 338; x_wconf 86' lang='lat' dir='ltr'>suut:</span> <span class='ocrx_word' id='word_1_29' title='bbox 455 304 541 337; x_wconf 84' lang='lat' dir='ltr'>sicut</span> <span class='ocrx_word' id='word_1_30' title='bbox 577 316 595 336; x_wconf 83' lang='lat' dir='ltr'>e</span> <span class='ocrx_word' id='word_1_31' title='bbox 625 302 795 335; x_wconf 80' lang='lat' dir='ltr'>contrario</span> <span class='ocrx_word' id='word_1_32' title='bbox 826 315 898 334; x_wconf 87' lang='lat' dir='ltr'>non</span> <span class='ocrx_word' id='word_1_33' title='bbox 931 313 1067 341; x_wconf 83' lang='lat' dir='ltr'>omnes,</span> <span class='ocrx_word' id='word_1_34' title='bbox 1097 301 1222 346; x_wconf 72' lang='lat' dir='ltr'>quiin</span> 
     </span>
     <span class='ocr_line' id='line_1_5' title="bbox 94 361 1222 407; baseline -0.005 -7"><span class='ocrx_word' id='word_1_35' title='bbox 94 366 342 400; x_wconf 83' lang='lat' dir='ltr'>catechumenis</span> <span class='ocrx_word' id='word_1_36' title='bbox 365 374 599 405; x_wconf 83' lang='lat' dir='ltr'><strong>numerantur,</strong></span> <span class='ocrx_word' id='word_1_37' title='bbox 623 364 723 398; x_wconf 83' lang='lat' dir='ltr'>alieni</span> <span class='ocrx_word' id='word_1_38' title='bbox 746 373 832 404; x_wconf 86' lang='lat' dir='ltr'>sunt,</span> <span class='ocrx_word' id='word_1_39' title='bbox 856 372 888 395; x_wconf 87' lang='lat' dir='ltr'>et</span> <span class='ocrx_word' id='word_1_40' title='bbox 912 372 1061 407; x_wconf 78' lang='lat' dir='ltr'>expertes</span> <span class='ocrx_word' id='word_1_41' title='bbox 1077 361 1222 406; x_wconf 80' lang='lat' dir='ltr'>Spiritus</span> 
     </span>
     <span class='ocr_line' id='line_1_6' title="bbox 92 424 1221 470; baseline -0.004 -9"><span class='ocrx_word' id='word_1_42' title='bbox 92 427 206 461; x_wconf 77' lang='lat' dir='ltr'>sancti.</span> <span class='ocrx_word' id='word_1_43' title='bbox 252 427 390 460; x_wconf 75' lang='lat' dir='ltr'>Invenio</span> <span class='ocrx_word' id='word_1_44' title='bbox 417 426 505 459; x_wconf 89' lang='lat' dir='ltr'>enim</span> <span class='ocrx_word' id='word_1_45' title='bbox 537 426 572 458; x_wconf 89' lang='lat' dir='ltr'>in</span> <span class='ocrx_word' id='word_1_46' title='bbox 603 425 774 470; x_wconf 83' lang='lat' dir='ltr'>scripturis</span> <span class='ocrx_word' id='word_1_47' title='bbox 806 424 924 457; x_wconf 84' lang='lat' dir='ltr'>divinis</span> <span class='ocrx_word' id='word_1_48' title='bbox 953 424 1139 456; x_wconf 88' lang='lat' dir='ltr'>nonnullos</span> <span class='ocrx_word' id='word_1_49' title='bbox 1166 437 1221 457; x_wconf 82' lang='lat' dir='ltr'>ca-</span> 
     </span>
     <span class='ocr_line' id='line_1_7' title="bbox 90 485 1223 531; baseline -0.004 -10"><span class='ocrx_word' id='word_1_50' title='bbox 90 489 372 522; x_wconf 85' lang='lat' dir='ltr'>techumenorum</span> <span class='ocrx_word' id='word_1_51' title='bbox 398 489 516 530; x_wconf 87' lang='lat' dir='ltr'>dignos</span> <span class='ocrx_word' id='word_1_52' title='bbox 541 488 674 521; x_wconf 70' lang='lat' dir='ltr'>habitos</span> <span class='ocrx_word' id='word_1_53' title='bbox 699 486 827 531; x_wconf 77' lang='lat' dir='ltr'>Spiritu</span> <span class='ocrx_word' id='word_1_54' title='bbox 851 494 979 524; x_wconf 83' lang='lat' dir='ltr'>sancto,</span> <span class='ocrx_word' id='word_1_55' title='bbox 1004 494 1036 517; x_wconf 91' lang='lat' dir='ltr'>et</span> <span class='ocrx_word' id='word_1_56' title='bbox 1058 485 1142 518; x_wconf 77' lang='lat' dir='ltr'>alios</span> <span class='ocrx_word' id='word_1_57' title='bbox 1168 498 1223 518; x_wconf 85' lang='lat' dir='ltr'><strong>ac·-</strong></span> 
     </span>
     <span class='ocr_line' id='line_1_8' title="bbox 92 545 1224 595; baseline -0.003 -13"><span class='ocrx_word' id='word_1_58' title='bbox 92 558 189 594; x_wconf 78' lang='lat' dir='ltr'>cepto</span> <span class='ocrx_word' id='word_1_59' title='bbox 214 551 382 595; x_wconf 82' lang='lat' dir='ltr'>baptismo</span> <span class='ocrx_word' id='word_1_60' title='bbox 399 549 555 591; x_wconf 84' lang='lat' dir='ltr'>indignos</span> <span class='ocrx_word' id='word_1_61' title='bbox 576 550 675 582; x_wconf 85' lang='lat' dir='ltr'>fuisse</span> <span class='ocrx_word' id='word_1_62' title='bbox 692 547 797 581; x_wconf 81' lang='lat' dir='ltr'>sancti</span> <span class='ocrx_word' id='word_1_63' title='bbox 822 545 965 590; x_wconf 74' lang='lat' dir='ltr'>Spiritus</span> <span class='ocrx_word' id='word_1_64' title='bbox 981 546 1094 587; x_wconf 74' lang='lat' dir='ltr'>gratia.</span> <span class='ocrx_word' id='word_1_65' title='bbox 1135 546 1224 580; x_wconf 86' lang='lat' dir='ltr'>Cor-</span> 
     </span>
     <span class='ocr_line' id='line_1_9' title="bbox 90 610 1225 655; baseline -0.002 -12"><span class='ocrx_word' id='word_1_66' title='bbox 90 610 198 644; x_wconf 79' lang='lat' dir='ltr'>nelius</span> <span class='ocrx_word' id='word_1_67' title='bbox 211 611 247 655; x_wconf 75' lang='grc'>2)</span> <span class='ocrx_word' id='word_1_68' title='bbox 278 612 538 645; x_wconf 79' lang='lat' dir='ltr'>catechumenus</span> <span class='ocrx_word' id='word_1_69' title='bbox 570 619 656 652; x_wconf 78' lang='lat' dir='ltr'>erat,</span> <span class='ocrx_word' id='word_1_70' title='bbox 694 618 726 642; x_wconf 80' lang='lat' dir='ltr'>et</span> <span class='ocrx_word' id='word_1_71' title='bbox 749 618 929 653; x_wconf 81' lang='lat' dir='ltr'>antequam</span> <span class='ocrx_word' id='word_1_72' title='bbox 953 610 997 641; x_wconf 72' lang='lat' dir='ltr'>ad</span> <span class='ocrx_word' id='word_1_73' title='bbox 1020 622 1144 653; x_wconf 78' lang='lat' dir='ltr'>aquam</span> <span class='ocrx_word' id='word_1_74' title='bbox 1168 621 1225 641; x_wconf 88' lang='lat' dir='ltr'>ve-</span> 
     </span>
     <span class='ocr_line' id='line_1_10' title="bbox 90 669 1225 717; baseline -0.003 -12"><span class='ocrx_word' id='word_1_75' title='bbox 90 672 188 712; x_wconf 87' lang='lat' dir='ltr'>niret,</span> <span class='ocrx_word' id='word_1_76' title='bbox 211 673 336 706; x_wconf 85' lang='lat' dir='ltr'>meruit</span> <span class='ocrx_word' id='word_1_77' title='bbox 366 673 517 717; x_wconf 82' lang='lat' dir='ltr'>accipere</span> <span class='ocrx_word' id='word_1_78' title='bbox 542 672 707 716; x_wconf 81' lang='lat' dir='ltr'>Spiritum</span> <span class='ocrx_word' id='word_1_79' title='bbox 737 680 900 704; x_wconf 78' lang='lat' dir='ltr'>sanctum.</span> <span class='ocrx_word' id='word_1_80' title='bbox 959 671 1081 704; x_wconf 85' lang='lat' dir='ltr'>Simon</span> <span class='ocrx_word' id='word_1_81' title='bbox 1111 669 1225 715; x_wconf 79' lang='lat' dir='ltr'>bapti-</span> 
     </span>
     <span class='ocr_line' id='line_1_11' title="bbox 92 731 1226 779; baseline -0.003 -12"><span class='ocrx_word' id='word_1_82' title='bbox 92 747 203 766; x_wconf 78' lang='lat' dir='ltr'>smum</span> <span class='ocrx_word' id='word_1_83' title='bbox 228 744 412 779; x_wconf 78' lang='lat' dir='ltr'>acceperat,</span> <span class='ocrx_word' id='word_1_84' title='bbox 436 735 495 767; x_wconf 75' lang='lat' dir='ltr'>sed</span> <span class='ocrx_word' id='word_1_85' title='bbox 521 732 684 778; x_wconf 80' lang='lat' dir='ltr'>quoniam</span> <span class='ocrx_word' id='word_1_86' title='bbox 710 745 788 764; x_wconf 81' lang='lat' dir='ltr'>curn</span> <span class='ocrx_word' id='word_1_87' title='bbox 820 731 989 778; x_wconf 81' lang='lat' dir='ltr'>hypocrisi</span> <span class='ocrx_word' id='word_1_88' title='bbox 1023 731 1157 765; x_wconf 80' lang='lat' dir='ltr'>accessit</span> <span class='ocrx_word' id='word_1_89' title='bbox 1181 732 1226 764; x_wconf 82' lang='lat' dir='ltr'>ad</span> 
     </span>
     <span class='ocr_line' id='line_1_12' title="bbox 91 791 1225 839; baseline -0.003 -12"><span class='ocrx_word' id='word_1_90' title='bbox 91 794 241 836; x_wconf 78' lang='lat' dir='ltr'>gratiam,</span> <span class='ocrx_word' id='word_1_91' title='bbox 264 797 462 839; x_wconf 82' lang='lat' dir='ltr'>repudiatur</span> <span class='ocrx_word' id='word_1_92' title='bbox 486 808 505 828; x_wconf 83' lang='lat' dir='ltr'>a</span> <span class='ocrx_word' id='word_1_93' title='bbox 529 796 623 827; x_wconf 91' lang='lat' dir='ltr'>dono</span> <span class='ocrx_word' id='word_1_94' title='bbox 651 793 795 839; x_wconf 77' lang='lat' dir='ltr'><strong>Spiritus</strong></span> <span class='ocrx_word' id='word_1_95' title='bbox 820 793 938 826; x_wconf 83' lang='lat' dir='ltr'>sancti.</span> <span class='ocrx_word' id='word_1_96' title='bbox 981 791 1072 825; x_wconf 90' lang='lat' dir='ltr'>Nolo</span> <span class='ocrx_word' id='word_1_97' title='bbox 1091 792 1225 825; x_wconf 79' lang='lat' dir='ltr'>dubites</span> 
     </span>
     <span class='ocr_line' id='line_1_13' title="bbox 93 853 1225 902; baseline -0.001 -15"><span class='ocrx_word' id='word_1_98' title='bbox 93 864 124 888; x_wconf 87' lang='lat' dir='ltr'>et</span> <span class='ocrx_word' id='word_1_99' title='bbox 146 869 238 888; x_wconf 88' lang='lat' dir='ltr'>nunc</span> <span class='ocrx_word' id='word_1_100' title='bbox 262 870 331 890; x_wconf 81' lang='lat' dir='ltr'>esse</span> <span class='ocrx_word' id='word_1_101' title='bbox 353 857 389 889; x_wconf 89' lang='lat' dir='ltr'>in</span> <span class='ocrx_word' id='word_1_102' title='bbox 412 857 545 902; x_wconf 86' lang='lat' dir='ltr'>populo</span> <span class='ocrx_word' id='word_1_103' title='bbox 574 856 896 889; x_wconf 80' lang='lat' dir='ltr'>catechumenorum</span> <span class='ocrx_word' id='word_1_104' title='bbox 933 853 1065 898; x_wconf 80' lang='lat' dir='ltr'>aliquos</span> <span class='ocrx_word' id='word_1_105' title='bbox 1091 853 1225 886; x_wconf 86' lang='lat' dir='ltr'>Corne-</span> 
     </span>
     <span class='ocr_line' id='line_1_14' title="bbox 90 915 1225 963; baseline -0.003 -13"><span class='ocrx_word' id='word_1_106' title='bbox 90 917 166 958; x_wconf 85' lang='lat' dir='ltr'>lios,</span> <span class='ocrx_word' id='word_1_107' title='bbox 190 919 232 952; x_wconf 84' lang='lat' dir='ltr'>ad</span> <span class='ocrx_word' id='word_1_108' title='bbox 257 932 342 963; x_wconf 90' lang='lat' dir='ltr'>quos</span> <span class='ocrx_word' id='word_1_109' title='bbox 367 919 434 952; x_wconf 88' lang='lat' dir='ltr'>dici</span> <span class='ocrx_word' id='word_1_110' title='bbox 458 917 577 963; x_wconf 80' lang='lat' dir='ltr'>possit,</span> <span class='ocrx_word' id='word_1_111' title='bbox 613 918 691 962; x_wconf 86' lang='lat' dir='ltr'>quia</span> <span class='ocrx_word' id='word_1_112' title='bbox 714 915 966 950; x_wconf 79' lang='lat' dir='ltr'>misericordiae</span> <span class='ocrx_word' id='word_1_113' title='bbox 999 924 1031 948; x_wconf 88' lang='lat' dir='ltr'>et</span> <span class='ocrx_word' id='word_1_114' title='bbox 1055 915 1225 948; x_wconf 81' lang='lat' dir='ltr'>orationes</span> 
     </span>
     <span class='ocr_line' id='line_1_15' title="bbox 91 977 1226 1024; baseline -0.002 -13"><span class='ocrx_word' id='word_1_115' title='bbox 91 988 169 1013; x_wconf 76' lang='lat' dir='ltr'>tuae</span> <span class='ocrx_word' id='word_1_116' title='bbox 183 982 431 1014; x_wconf 80' lang='lat' dir='ltr'>adscenderunt</span> <span class='ocrx_word' id='word_1_117' title='bbox 454 981 488 1013; x_wconf 90' lang='lat' dir='ltr'>in</span> <span class='ocrx_word' id='word_1_118' title='bbox 502 980 538 1024; x_wconf 80' lang='grc'>3)</span> <span class='ocrx_word' id='word_1_119' title='bbox 557 980 710 1020; x_wconf 87' lang='lat' dir='ltr'>coelum;</span> <span class='ocrx_word' id='word_1_120' title='bbox 734 987 766 1011; x_wconf 89' lang='lat' dir='ltr'>et</span> <span class='ocrx_word' id='word_1_121' title='bbox 789 991 922 1011; x_wconf 85' lang='lat' dir='ltr'>rursum</span> <span class='ocrx_word' id='word_1_122' title='bbox 939 977 974 1009; x_wconf 86' lang='lat' dir='ltr'>in</span> <span class='ocrx_word' id='word_1_123' title='bbox 993 977 1125 1021; x_wconf 86' lang='lat' dir='ltr'>populo</span> <span class='ocrx_word' id='word_1_124' title='bbox 1140 978 1226 1010; x_wconf 80' lang='lat' dir='ltr'>fide-</span> 
     </span>
     <span class='ocr_line' id='line_1_16' title="bbox 90 1039 1227 1087; baseline -0.002 -14"><span class='ocrx_word' id='word_1_125' title='bbox 90 1041 173 1074; x_wconf 88' lang='lat' dir='ltr'>lium</span> <span class='ocrx_word' id='word_1_126' title='bbox 200 1055 268 1075; x_wconf 77' lang='lat' dir='ltr'>esse</span> <span class='ocrx_word' id='word_1_127' title='bbox 292 1042 426 1087; x_wconf 82' lang='lat' dir='ltr'>aliquos</span> <span class='ocrx_word' id='word_1_128' title='bbox 450 1040 624 1081; x_wconf 82' lang='lat' dir='ltr'>simones,</span> <span class='ocrx_word' id='word_1_129' title='bbox 656 1040 778 1085; x_wconf 88' lang='lat' dir='ltr'>quibus</span> <span class='ocrx_word' id='word_1_130' title='bbox 808 1040 1021 1073; x_wconf 74' lang='lat' dir='ltr'>confidenter</span> <span class='ocrx_word' id='word_1_131' title='bbox 1043 1039 1227 1072; x_wconf 86' lang='lat' dir='ltr'>dicendum</span> 
     </span>
     <span class='ocr_line' id='line_1_17' title="bbox 91 1100 1228 1148; baseline -0.002 -13"><span class='ocrx_word' id='word_1_132' title='bbox 91 1101 147 1135; x_wconf 85' lang='lat' dir='ltr'>sit:</span> <span class='ocrx_word' id='word_1_133' title='bbox 172 1117 215 1143; x_wconf 80' lang='lat' dir='ltr'>„u</span> <span class='ocrx_word' id='word_1_134' title='bbox 232 1102 267 1147; x_wconf 70' lang='lat'>⁴)</span> <span class='ocrx_word' id='word_1_135' title='bbox 291 1103 394 1148; x_wconf 77' lang='lat' dir='ltr'>plene</span> <span class='ocrx_word' id='word_1_136' title='bbox 418 1102 513 1135; x_wconf 85' lang='lat' dir='ltr'>omni</span> <span class='ocrx_word' id='word_1_137' title='bbox 530 1103 611 1135; x_wconf 89' lang='lat' dir='ltr'>dolo</span> <span class='ocrx_word' id='word_1_138' title='bbox 639 1111 670 1134; x_wconf 88' lang='lat' dir='ltr'>et</span> <span class='ocrx_word' id='word_1_139' title='bbox 694 1101 834 1141; x_wconf 78' lang='lat' dir='ltr'>fallacia,</span> <span class='ocrx_word' id='word_1_140' title='bbox 860 1101 907 1134; x_wconf 80' lang='lat' dir='ltr'>fili</span> <span class='ocrx_word' id='word_1_141' title='bbox 925 1100 1065 1140; x_wconf 75' lang='lat' dir='ltr'>diaboli,</span> <span class='ocrx_word' id='word_1_142' title='bbox 1088 1100 1228 1133; x_wconf 81' lang='lat' dir='ltr'>inimice</span> 
     </span>
     <span class='ocr_line' id='line_1_18' title="bbox 95 1161 1227 1209; baseline 0 -14"><span class='ocrx_word' id='word_1_143' title='bbox 95 1163 203 1196; x_wconf 84' lang='lat' dir='ltr'>omnis</span> <span class='ocrx_word' id='word_1_144' title='bbox 237 1163 413 1209; x_wconf 82' lang='lat' dir='ltr'>justitiae.“</span> <span class='ocrx_word' id='word_1_145' title='bbox 460 1164 554 1196; x_wconf 82' lang='lat' dir='ltr'>Haec</span> <span class='ocrx_word' id='word_1_146' title='bbox 588 1176 648 1205; x_wconf 86' lang='lat' dir='ltr'>ego</span> <span class='ocrx_word' id='word_1_147' title='bbox 681 1164 723 1195; x_wconf 84' lang='lat' dir='ltr'>ad</span> <span class='ocrx_word' id='word_1_148' title='bbox 754 1163 1007 1206; x_wconf 82' lang='lat' dir='ltr'>correptionem</span> <span class='ocrx_word' id='word_1_149' title='bbox 1032 1161 1099 1194; x_wconf 83' lang='lat' dir='ltr'>mei</span> <span class='ocrx_word' id='word_1_150' title='bbox 1122 1161 1227 1205; x_wconf 83' lang='lat' dir='ltr'>ipsius</span> 
     </span>
     <span class='ocr_line' id='line_1_19' title="bbox 93 1223 1227 1269; baseline -0.003 -11"><span class='ocrx_word' id='word_1_151' title='bbox 93 1224 237 1269; x_wconf 90' lang='lat' dir='ltr'>loquor,</span> <span class='ocrx_word' id='word_1_152' title='bbox 274 1238 347 1258; x_wconf 87' lang='lat' dir='ltr'>non</span> <span class='ocrx_word' id='word_1_153' title='bbox 372 1227 484 1258; x_wconf 88' lang='lat' dir='ltr'>solum</span> <span class='ocrx_word' id='word_1_154' title='bbox 509 1224 714 1257; x_wconf 77' lang='lat' dir='ltr'>auditorum.</span> <span class='ocrx_word' id='word_1_155' title='bbox 768 1224 865 1257; x_wconf 90' lang='lat' dir='ltr'>Unus</span> <span class='ocrx_word' id='word_1_156' title='bbox 895 1223 984 1257; x_wconf 86' lang='lat' dir='ltr'>enim</span> <span class='ocrx_word' id='word_1_157' title='bbox 1011 1231 1041 1256; x_wconf 90' lang='lat' dir='ltr'>et</span> <span class='ocrx_word' id='word_1_158' title='bbox 1066 1236 1125 1265; x_wconf 79' lang='lat' dir='ltr'>ego</span> <span class='ocrx_word' id='word_1_159' title='bbox 1151 1236 1227 1256; x_wconf 91' lang='lat' dir='ltr'>sum</span> 
     </span>
     <span class='ocr_line' id='line_1_20' title="bbox 94 1285 721 1330; baseline -0.002 -12"><span class='ocrx_word' id='word_1_160' title='bbox 94 1298 133 1318; x_wconf 80' lang='lat' dir='ltr'>ex</span> <span class='ocrx_word' id='word_1_161' title='bbox 155 1286 204 1326; x_wconf 87' lang='lat' dir='ltr'>iis,</span> <span class='ocrx_word' id='word_1_162' title='bbox 230 1287 288 1330; x_wconf 88' lang='lat' dir='ltr'>qui</span> <span class='ocrx_word' id='word_1_163' title='bbox 314 1286 456 1319; x_wconf 80' lang='lat' dir='ltr'>audiunt</span> <span class='ocrx_word' id='word_1_164' title='bbox 479 1287 620 1318; x_wconf 84' lang='lat' dir='ltr'>verbnm</span> <span class='ocrx_word' id='word_1_165' title='bbox 644 1285 721 1318; x_wconf 79' lang='lat' dir='ltr'>Dei.</span> 
     </span>
    </p>

    <p class='ocr_par' dir='ltr' id='par_1_3' title="bbox 92 1345 1234 1944">
     <span class='ocr_line' id='line_1_21' title="bbox 181 1345 1228 1392; baseline -0.001 -12"><span class='ocrx_word' id='word_1_166' title='bbox 181 1348 212 1380; x_wconf 77' lang='lat'>2.</span> <span class='ocrx_word' id='word_1_167' title='bbox 239 1348 307 1380; x_wconf 80' lang='lat' dir='ltr'>Sed</span> <span class='ocrx_word' id='word_1_168' title='bbox 333 1347 508 1381; x_wconf 80' lang='lat' dir='ltr'>audiamus</span> <span class='ocrx_word' id='word_1_169' title='bbox 535 1347 601 1392; x_wconf 76' lang='lat' dir='ltr'>jam</span> <span class='ocrx_word' id='word_1_170' title='bbox 635 1347 718 1390; x_wconf 85' lang='lat' dir='ltr'>quid</span> <span class='ocrx_word' id='word_1_171' title='bbox 755 1359 866 1378; x_wconf 83' lang='lat' dir='ltr'>sermo</span> <span class='ocrx_word' id='word_1_172' title='bbox 901 1345 1034 1379; x_wconf 79' lang='lat' dir='ltr'>(livinus</span> <span class='ocrx_word' id='word_1_173' title='bbox 1066 1347 1228 1390; x_wconf 77' lang='lat' dir='ltr'>loquatur</span> 
     </span>
     <span class='ocr_line' id='line_1_22' title="bbox 94 1407 1229 1454; baseline 0.001 -13"><span class='ocrx_word' id='word_1_174' title='bbox 94 1409 136 1442; x_wconf 77' lang='lat' dir='ltr'>ad</span> <span class='ocrx_word' id='word_1_175' title='bbox 160 1409 293 1442; x_wconf 85' lang='lat' dir='ltr'>Mosen.</span> <span class='ocrx_word' id='word_1_176' title='bbox 339 1409 455 1454; x_wconf 78' lang='lat' dir='ltr'>,‚Et⁵)</span> <span class='ocrx_word' id='word_1_177' title='bbox 486 1409 619 1442; x_wconf 87' lang='lat' dir='ltr'>locutus</span> <span class='ocrx_word' id='word_1_178' title='bbox 645 1417 707 1447; x_wconf 85' lang='lat' dir='ltr'>est,</span> <span class='ocrx_word' id='word_1_179' title='bbox 730 1407 859 1451; x_wconf 85' lang='lat' dir='ltr'>inquit,</span> <span class='ocrx_word' id='word_1_180' title='bbox 883 1407 1056 1442; x_wconf 84' lang='lat' dir='ltr'>Dominus</span> <span class='ocrx_word' id='word_1_181' title='bbox 1080 1410 1122 1442; x_wconf 80' lang='lat' dir='ltr'>ad</span> <span class='ocrx_word' id='word_1_182' title='bbox 1147 1410 1229 1442; x_wconf 85' lang='lat' dir='ltr'>Mo-</span> 
     </span>
     <span class='ocr_line' id='line_1_23' title="bbox 93 1468 1229 1513; baseline 0.002 -11"><span class='ocrx_word' id='word_1_183' title='bbox 93 1483 162 1510; x_wconf 86' lang='lat' dir='ltr'>sen,</span> <span class='ocrx_word' id='word_1_184' title='bbox 189 1469 322 1503; x_wconf 83' lang='lat' dir='ltr'>dicens:</span> <span class='ocrx_word' id='word_1_185' title='bbox 346 1483 433 1511; x_wconf 87' lang='lat' dir='ltr'>ecce,</span> <span class='ocrx_word' id='word_1_186' title='bbox 459 1483 519 1513; x_wconf 83' lang='lat' dir='ltr'>ego</span> <span class='ocrx_word' id='word_1_187' title='bbox 546 1469 682 1504; x_wconf 75' lang='lat' dir='ltr'>assumsi</span> <span class='ocrx_word' id='word_1_188' title='bbox 706 1468 835 1501; x_wconf 84' lang='lat' dir='ltr'>Levitas</span> <span class='ocrx_word' id='word_1_189' title='bbox 869 1469 911 1501; x_wconf 83' lang='lat' dir='ltr'>de</span> <span class='ocrx_word' id='word_1_190' title='bbox 936 1469 1049 1502; x_wconf 88' lang='lat' dir='ltr'>medio</span> <span class='ocrx_word' id='word_1_191' title='bbox 1076 1471 1229 1504; x_wconf 81' lang='lat' dir='ltr'>filiorum</span> 
     </span>
     <span class='ocr_line' id='line_1_24' title="bbox 92 1530 1230 1576; baseline 0.002 -12"><span class='ocrx_word' id='word_1_192' title='bbox 92 1531 213 1571; x_wconf 77' lang='lat' dir='ltr'>Israel,</span> <span class='ocrx_word' id='word_1_193' title='bbox 250 1545 314 1576; x_wconf 87' lang='lat' dir='ltr'>pro</span> <span class='ocrx_word' id='word_1_194' title='bbox 349 1531 443 1564; x_wconf 85' lang='lat' dir='ltr'>omni</span> <span class='ocrx_word' id='word_1_195' title='bbox 478 1530 726 1576; x_wconf 83' lang='lat' dir='ltr'>primogenito,</span> <span class='ocrx_word' id='word_1_196' title='bbox 764 1531 821 1575; x_wconf 91' lang='lat' dir='ltr'>qui</span> <span class='ocrx_word' id='word_1_197' title='bbox 856 1531 1009 1575; x_wconf 79' lang='lat' dir='ltr'>adaperit</span> <span class='ocrx_word' id='word_1_198' title='bbox 1033 1533 1164 1565; x_wconf 85' lang='lat' dir='ltr'>vulvam</span> <span class='ocrx_word' id='word_1_199' title='bbox 1190 1546 1230 1566; x_wconf 84' lang='lat' dir='ltr'>ex</span> 
     </span>
     <span class='ocr_line' id='line_1_25' title="bbox 94 1593 1231 1631; baseline 0.003 -6"><span class='ocrx_word' id='word_1_200' title='bbox 94 1593 171 1626; x_wconf 82' lang='lat' dir='ltr'>filiis</span> <span class='ocrx_word' id='word_1_201' title='bbox 196 1593 315 1627; x_wconf 78' lang='lat' dir='ltr'>Israel:</span> <span class='ocrx_word' id='word_1_202' title='bbox 350 1593 577 1626; x_wconf 77' lang='lat' dir='ltr'>redemtiones</span> <span class='ocrx_word' id='word_1_203' title='bbox 601 1605 721 1626; x_wconf 81' lang='lat' dir='ltr'>eorum</span> <span class='ocrx_word' id='word_1_204' title='bbox 747 1601 854 1631; x_wconf 80' lang='lat' dir='ltr'>erunt,</span> <span class='ocrx_word' id='word_1_205' title='bbox 879 1601 912 1625; x_wconf 86' lang='lat' dir='ltr'>et</span> <span class='ocrx_word' id='word_1_206' title='bbox 937 1603 1034 1626; x_wconf 89' lang='lat' dir='ltr'>erunt</span> <span class='ocrx_word' id='word_1_207' title='bbox 1058 1593 1140 1626; x_wconf 83' lang='lat' dir='ltr'>mihi</span> <span class='ocrx_word' id='word_1_208' title='bbox 1166 1595 1231 1628; x_wconf 85' lang='lat' dir='ltr'>Le-</span> 
     </span>
     <span class='ocr_line' id='line_1_26' title="bbox 94 1653 1234 1698; baseline 0.001 -11"><span class='ocrx_word' id='word_1_209' title='bbox 94 1654 190 1688; x_wconf 81' lang='lat' dir='ltr'>vitae.</span> <span class='ocrx_word' id='word_1_210' title='bbox 248 1655 369 1688; x_wconf 84' lang='lat' dir='ltr'>Meum</span> <span class='ocrx_word' id='word_1_211' title='bbox 400 1664 448 1688; x_wconf 90' lang='lat' dir='ltr'>est</span> <span class='ocrx_word' id='word_1_212' title='bbox 480 1655 569 1687; x_wconf 86' lang='lat' dir='ltr'>enim</span> <span class='ocrx_word' id='word_1_213' title='bbox 610 1668 712 1687; x_wconf 89' lang='lat' dir='ltr'>omne</span> <span class='ocrx_word' id='word_1_214' title='bbox 743 1653 1021 1698; x_wconf 75' lang='lat' dir='ltr'>primogenitum,</span> <span class='ocrx_word' id='word_1_215' title='bbox 1077 1655 1127 1688; x_wconf 80' lang='lat' dir='ltr'>Ex</span> <span class='ocrx_word' id='word_1_216' title='bbox 1164 1657 1234 1698; x_wconf 84' lang='lat' dir='ltr'>die,</span> 
     </span>
     <span class='ocr_line' id='line_1_27' title="bbox 96 1715 1231 1762; baseline 0.003 -14"><span class='ocrx_word' id='word_1_217' title='bbox 96 1729 162 1760; x_wconf 88' lang='lat' dir='ltr'>qua</span> <span class='ocrx_word' id='word_1_218' title='bbox 184 1716 333 1761; x_wconf 84' lang='lat' dir='ltr'>percussi</span> <span class='ocrx_word' id='word_1_219' title='bbox 365 1729 467 1749; x_wconf 82' lang='lat' dir='ltr'>omne</span> <span class='ocrx_word' id='word_1_220' title='bbox 497 1716 763 1761; x_wconf 80' lang='lat' dir='ltr'>primogenitum</span> <span class='ocrx_word' id='word_1_221' title='bbox 795 1715 830 1747; x_wconf 85' lang='lat' dir='ltr'>in</span> <span class='ocrx_word' id='word_1_222' title='bbox 863 1725 950 1748; x_wconf 80' lang='lat' dir='ltr'>terra</span> <span class='ocrx_word' id='word_1_223' title='bbox 977 1717 1127 1762; x_wconf 67' lang='lat' dir='ltr'>Aegypti,</span> <span class='ocrx_word' id='word_1_224' title='bbox 1153 1731 1231 1751; x_wconf 83' lang='lat' dir='ltr'>san-</span> 
     </span>
     <span class='ocr_line' id='line_1_28' title="bbox 97 1777 1232 1822; baseline 0.003 -12"><span class='ocrx_word' id='word_1_225' title='bbox 97 1778 239 1811; x_wconf 80' lang='lat' dir='ltr'>ctificavi</span> <span class='ocrx_word' id='word_1_226' title='bbox 260 1778 345 1811; x_wconf 84' lang='lat' dir='ltr'>mihi</span> <span class='ocrx_word' id='word_1_227' title='bbox 370 1791 473 1811; x_wconf 85' lang='lat' dir='ltr'>omne</span> <span class='ocrx_word' id='word_1_228' title='bbox 496 1777 762 1822; x_wconf 83' lang='lat' dir='ltr'>primogenitum</span> <span class='ocrx_word' id='word_1_229' title='bbox 786 1777 904 1810; x_wconf 80' lang='lat' dir='ltr'>Israel:</span> <span class='ocrx_word' id='word_1_230' title='bbox 937 1777 979 1809; x_wconf 85' lang='lat' dir='ltr'>ab</span> <span class='ocrx_word' id='word_1_231' title='bbox 1012 1777 1151 1811; x_wconf 84' lang='lat' dir='ltr'>homine</span> <span class='ocrx_word' id='word_1_232' title='bbox 1175 1793 1232 1813; x_wconf 89' lang='lat' dir='ltr'>us-</span> 
     </span>
     <span class='ocr_line' id='line_1_29' title="bbox 97 1838 1232 1883; baseline 0.004 -13"><span class='ocrx_word' id='word_1_233' title='bbox 97 1851 163 1883; x_wconf 86' lang='lat' dir='ltr'>que</span> <span class='ocrx_word' id='word_1_234' title='bbox 187 1840 229 1872; x_wconf 81' lang='lat' dir='ltr'>ad</span> <span class='ocrx_word' id='word_1_235' title='bbox 254 1853 356 1883; x_wconf 85' lang='lat' dir='ltr'>pecus</span> <span class='ocrx_word' id='word_1_236' title='bbox 379 1852 494 1872; x_wconf 85' lang='lat' dir='ltr'>meum</span> <span class='ocrx_word' id='word_1_237' title='bbox 521 1839 600 1879; x_wconf 87' lang='lat' dir='ltr'>erit,</span> <span class='ocrx_word' id='word_1_238' title='bbox 636 1852 697 1881; x_wconf 83' lang='lat' dir='ltr'>ego</span> <span class='ocrx_word' id='word_1_239' title='bbox 724 1838 928 1871; x_wconf 87' lang='lat' dir='ltr'>Dominus.“</span> <span class='ocrx_word' id='word_1_240' title='bbox 983 1838 1116 1871; x_wconf 74' lang='lat' dir='ltr'>Levitae</span> <span class='ocrx_word' id='word_1_241' title='bbox 1140 1854 1232 1874; x_wconf 73' lang='lat' dir='ltr'>assu-</span> 
     </span>
     <span class='ocr_line' id='line_1_30' title="bbox 95 1899 1231 1944; baseline 0.003 -12"><span class='ocrx_word' id='word_1_242' title='bbox 95 1909 235 1932; x_wconf 89' lang='lat' dir='ltr'>muntur</span> <span class='ocrx_word' id='word_1_243' title='bbox 258 1913 323 1944; x_wconf 89' lang='lat' dir='ltr'>pro</span> <span class='ocrx_word' id='word_1_244' title='bbox 339 1900 601 1944; x_wconf 78' lang='lat' dir='ltr'>primogenitis,</span> <span class='ocrx_word' id='word_1_245' title='bbox 630 1913 707 1932; x_wconf 88' lang='lat' dir='ltr'>cum</span> <span class='ocrx_word' id='word_1_246' title='bbox 731 1900 849 1943; x_wconf 65' lang='lat' dir='ltr'>utique</span> <span class='ocrx_word' id='word_1_247' title='bbox 871 1913 944 1932; x_wconf 85' lang='lat' dir='ltr'>non</span> <span class='ocrx_word' id='word_1_248' title='bbox 969 1899 1034 1933; x_wconf 87' lang='lat' dir='ltr'>sint</span> <span class='ocrx_word' id='word_1_249' title='bbox 1057 1900 1231 1944; x_wconf 81' lang='lat' dir='ltr'>primoge-</span> 
     </span>
    </p>
   </div>
   <div class='ocr_carea' id='block_1_3' title="bbox 96 1960 1232 2009">
    <p class='ocr_par' dir='ltr' id='par_1_4' title="bbox 96 1960 1232 2009">
     <span class='ocr_line' id='line_1_31' title="bbox 96 1960 1232 2009; baseline 0.004 -15"><span class='ocrx_word' id='word_1_250' title='bbox 96 1961 168 1994; x_wconf 86' lang='lat' dir='ltr'>niti.</span> <span class='ocrx_word' id='word_1_251' title='bbox 214 1961 294 1994; x_wconf 72' lang='lat' dir='ltr'>Iievi</span> <span class='ocrx_word' id='word_1_252' title='bbox 318 1963 407 1995; x_wconf 82' lang='lat' dir='ltr'>enim</span> <span class='ocrx_word' id='word_1_253' title='bbox 433 1961 547 1994; x_wconf 83' lang='lat' dir='ltr'>tertius</span> <span class='ocrx_word' id='word_1_254' title='bbox 571 1960 719 1996; x_wconf 77' lang='lat' dir='ltr'>nascitur</span> <span class='ocrx_word' id='word_1_255' title='bbox 744 1973 781 1993; x_wconf 81' lang='lat' dir='ltr'>ex</span> <span class='ocrx_word' id='word_1_256' title='bbox 805 1961 875 1995; x_wconf 78' lang='lat' dir='ltr'>Lia.</span> <span class='ocrx_word' id='word_1_257' title='bbox 923 1960 1057 1995; x_wconf 86' lang='lat' dir='ltr'>Primus</span> <span class='ocrx_word' id='word_1_258' title='bbox 1081 1976 1232 2009; x_wconf 78' lang='lat' dir='ltr'>namque</span> 
     </span>
    </p>
   </div>
   <div class='ocr_carea' id='block_1_4' title="bbox 192 2117 884 2162">
    <p class='ocr_par' dir='ltr' id='par_1_5' title="bbox 192 2117 884 2162">
     <span class='ocr_line' id='line_1_32' title="bbox 192 2117 884 2162; baseline 0.004 -12"><span class='ocrx_word' id='word_1_259' title='bbox 192 2117 227 2161; x_wconf 70' lang='grc'>1)</span> <span class='ocrx_word' id='word_1_260' title='bbox 250 2118 353 2151; x_wconf 87' lang='lat' dir='ltr'>Rom.</span> <span class='ocrx_word' id='word_1_261' title='bbox 377 2118 436 2158; x_wconf 86' lang='lat' dir='ltr'>IX,</span> <span class='ocrx_word' id='word_1_262' title='bbox 460 2119 491 2153; x_wconf 84' lang='grc'>6.</span> <span class='ocrx_word' id='word_1_263' title='bbox 587 2117 623 2162; x_wconf 77' lang='lat'>²)</span> <span class='ocrx_word' id='word_1_264' title='bbox 650 2118 718 2151; x_wconf 89' lang='lat' dir='ltr'>Csr.</span> <span class='ocrx_word' id='word_1_265' title='bbox 744 2119 816 2152; x_wconf 82' lang='lat' dir='ltr'>Act.</span> <span class='ocrx_word' id='word_1_266' title='bbox 840 2120 884 2153; x_wconf 90' lang='lat' dir='ltr'>X.</span> 
     </span>
    </p>
   </div>
   <div class='ocr_carea' id='block_1_5' title="bbox 190 2173 1232 2216">
    <p class='ocr_par' dir='ltr' id='par_1_6' title="bbox 190 2173 1232 2216">
     <span class='ocr_line' id='line_1_33' title="bbox 190 2173 1232 2216; baseline 0.005 -10"><span class='ocrx_word' id='word_1_267' title='bbox 190 2173 226 2216; x_wconf 79' lang='lat'>³)</span> <span class='ocrx_word' id='word_1_268' title='bbox 254 2173 364 2207; x_wconf 87' lang='lat' dir='ltr'>Codd.</span> <span class='ocrx_word' id='word_1_269' title='bbox 383 2173 601 2207; x_wconf 84' lang='lat' dir='ltr'>Ebroieensis</span> <span class='ocrx_word' id='word_1_270' title='bbox 627 2184 657 2206; x_wconf 86' lang='lat' dir='ltr'>et</span> <span class='ocrx_word' id='word_1_271' title='bbox 675 2174 902 2209; x_wconf 67' lang='lat' dir='ltr'>Turonensis:</span> <span class='ocrx_word' id='word_1_272' title='bbox 928 2176 991 2215; x_wconf 84' lang='lat' dir='ltr'>„ad</span> <span class='ocrx_word' id='word_1_273' title='bbox 1008 2175 1232 2212; x_wconf 77' lang='lat' dir='ltr'>Dominum.“</span> 
     </span>
    </p>
   </div>
   <div class='ocr_carea' id='block_1_6' title="bbox 99 2218 1097 2319">
    <p class='ocr_par' dir='ltr' id='par_1_7' title="bbox 99 2218 1097 2319">
     <span class='ocr_line' id='line_1_34' title="bbox 99 2218 785 2260; baseline 0 -8"><span class='ocrx_word' id='word_1_274' title='bbox 99 2218 138 2253; x_wconf 79' lang='lat' dir='ltr'>R.</span> <span class='ocrx_word' id='word_1_275' title='bbox 167 2237 210 2244; x_wconf 89' lang='lat'><em>—</em></span> <span class='ocrx_word' id='word_1_276' title='bbox 233 2218 321 2251; x_wconf 88' lang='lat' dir='ltr'><strong>Edd.</strong></span> <span class='ocrx_word' id='word_1_277' title='bbox 348 2219 503 2252; x_wconf 72' lang='lat' dir='ltr'>Merlini:</span> <span class='ocrx_word' id='word_1_278' title='bbox 528 2220 592 2260; x_wconf 80' lang='lat' dir='ltr'>„ad</span> <span class='ocrx_word' id='word_1_279' title='bbox 618 2221 785 2252; x_wconf 81' lang='lat' dir='ltr'>coelun1.“</span> 
     </span>
     <span class='ocr_line' id='line_1_35' title="bbox 191 2274 1097 2319; baseline 0 -12"><span class='ocrx_word' id='word_1_280' title='bbox 191 2274 227 2317; x_wconf 75' lang='lat'>⁴)</span> <span class='ocrx_word' id='word_1_281' title='bbox 253 2276 325 2308; x_wconf 82' lang='lat' dir='ltr'>Act.</span> <span class='ocrx_word' id='word_1_282' title='bbox 351 2275 444 2315; x_wconf 84' lang='lat' dir='ltr'>XIII,</span> <span class='ocrx_word' id='word_1_283' title='bbox 472 2277 522 2310; x_wconf 76' lang='lat'>10.</span> <span class='ocrx_word' id='word_1_284' title='bbox 621 2275 657 2319; x_wconf 74' lang='grc'>5)</span> <span class='ocrx_word' id='word_1_285' title='bbox 680 2276 780 2311; x_wconf 79' lang='lat' dir='ltr'>Num.</span> <span class='ocrx_word' id='word_1_286' title='bbox 805 2276 862 2316; x_wconf 83' lang='lat' dir='ltr'>HI,</span> <span class='ocrx_word' id='word_1_287' title='bbox 890 2276 940 2311; x_wconf 79' lang='grc'>11.</span> <span class='ocrx_word' id='word_1_288' title='bbox 973 2276 1020 2310; x_wconf 80' lang='lat'>12.</span> <span class='ocrx_word' id='word_1_289' title='bbox 1047 2277 1097 2310; x_wconf 70' lang='lat'>13.</span> 
     </span>
    </p>
   </div>
  </div>
 </body>
</html>
