1427 2460
319 91 358 116 m
382 84 559 116 Nummos
583 81 743 115 ΗοΜιιῐΑ
766 83 893 116 XXVI.
1113 85 1177 118 317

46 185 79 209 et
101 187 173 208 non
198 172 350 207 dissensit
373 184 411 204 ex
433 170 532 204 nobis
556 170 754 216 quisquam;
788 182 819 206 et
844 173 1030 207 obtulimus
1052 186 1178 206 munus

47 236 213 275 Domino,
237 233 467 278 unusquisque
489 232 538 266 vir
560 235 791 278 quodcunque
815 235 941 269 invenit
954 249 1008 269 vas
1024 248 1178 274 aureum,

46 310 214 343 torquem,
227 286 284 330 aut
296 294 476 334 viriolam,¹
487 294 569 337 >aut
585 296 760 335 annulum,
776 305 833 329 aut
846 298 1002 338 dextrale,
1017 303 1076 332 au't
1090 306 1180 331 cate-

49 361 183 400 nulam,
221 359 264 391 ad
296 355 554 402 propitiandum
595 370 659 401 pro
700 358 799 391 nobis
837 371 952 392 coram
990 359 1181 392 Domino-‘⁴

50 423 252 466 Loquuntur
276 432 354 461 ergo
380 420 425 451 ad
448 419 570 451 Mosen
594 419 690 452 electi
714 418 901 464 principes,
927 420 984 465 qui
1009 421 1182 454 constituti

48 493 126 517 sunt
147 494 250 526 super
275 481 474 520 exercitum,
507 490 538 513 et
568 493 632 524 pro
663 481 751 513 hene
781 481 877 523 gestis
908 483 1009 516 rebus
1037 495 1182 515 munera

51 545 201 578 offerunt
224 542 313 582 Deo,
337 543 504 575 dicentes:
535 555 599 575 nos
622 542 720 586 pueri
742 542 790 575 tui
813 557 938 586 sumus,
965 544 1023 589 qui
1046 544 1183 589 accepi-

50 619 123 639 mus
146 617 314 637 summam
344 604 551 636 bellatorum
583 603 733 636 filiorum
758 604 869 639 Israel.
918 606 1049 639 Dicunt
1072 615 1184 639 autem

50 679 217 700 summam
250 666 454 698 bellatorum
485 665 623 697 illorum
655 666 839 699 duodecim
877 666 982 700 millia
1021 667 1185 708 virorum,

54 728 111 775 qui
143 728 238 762 electi
268 736 347 760 sunt
380 739 417 759 ex
443 726 608 758 *omnibus
632 726 788 760 tribubus
813 728 930 768 lsrael,
963 738 1000 761 ut
1024 729 1184 772 conflige-

54 801 128 824 rent
151 790 308 823 adversus
332 787 547 821 Madianitas.
595 788 682 820 Sunt
707 802 787 831 ergo
810 789 846 822 in
870 791 1002 834 populo
1019 790 1088 823 Dei
1112 791 1185 823 bel-

54 853 175 884 latores
200 849 314 889 muhi,
343 858 422 883 sunt
451 859 482 881 et
511 848 665 882 imbelles
697 850 852 893 plurimi:
892 860 924 883 et
953 865 1067 887 rursus
1100 852 1185 886 inter

53 914 234 946 bellatores
257 920 335 944 sunt
359 910 515 955 quidam,
547 910 604 954 qui
635 912 850 955 appellantur
880 926 1011 947 summa
1042 915 1185 948 bellato-

54 989 141 1015 rum,
166 973 405 1007 eminentiores
428 972 499 1005 siue
523 972 631 1005 dubio
654 972 705 1012 iis2
730 973 787 1018 qui
811 974 990 1008 bellatores
1015 977 1187 1015 dicuntur,

52 1037 138 1072 sicut
168 1045 201 1069 et
222 1027 470 1068 ¹eminentiores
501 1043 579 1067 sunt
610 1035 652 1067 ab
681 1034 875 1068 imbellibus
905 1037 1097 1071 bellatores.
1146 1038 1189 1071 Et

11 1112 17 1114 ’
55 1112 169 1132 rursus
192 1106 270 1132 sunt
293 1096 398 1142 aliqui
418 1095 572 1129 celsiores
597 1096 639 1129 ab
663 1095 718 1135 iis,
742 1095 800 1140 qui
824 1110 957 1130 summa
980 1098 1187 1132 bellatorum

55 1160 134 1194 dicti
156 1168 248 1193 sunt:
272 1158 296 1191 ii
321 1157 457 1197 scilicet,
480 1156 538 1201 qui
563 1156 733 1190 constituti
755 1167 833 1191 sunt
855 1171 957 1203 super
981 1172 1037 1193 eos
1061 1160 1189 1204 princi-

2 1220 7 1221 ⁷
54 1235 124 1267 pes,
149 1231 180 1254 et
201 1220 343 1265 praelati
365 1219 502 1261 singulis
527 1219 718 1264 quibusque
732 1219 881 1253 millibus
898 1221 1094 1255 electorum.
1130 1222 1191 1255 Est

56 1297 135 1326 ergo
160 1283 267 1316 multa
291 1280 462 1314 diversitas
486 1282 520 1314 in
546 1294 586 1314 eo
613 1280 750 1320 ordine,
782 1281 841 1325 qui
864 1281 1048 1315 bellatores
1073 1285 1190 1328 appel-

57 1336 195 1379 lamun'
237 1343 308 1377 Sed
339 1353 371 1376 et
400 1343 488 1375 inter
517 1344 608 1386 ipsos
633 1342 786 1375 imbelles
811 1352 858 1375 est
880 1343 1105 1377 nihilominus
1130 1346 1191 1379 ali-

55 1421 121 1453 qua
146 1404 345 1439 differentia.
392 1405 464 1437 Nec
488 1403 552 1448 ipsi
576 1403 666 1436 enim
691 1403 892 1448 aequaliter,
918 1414 949 1437 et
972 1419 1043 1438 uno
1070 1407 1192 1441 ordine

59 1482 180 1515 omnes¹
201 1467 417 1513 appellantur
445 1465 609 1499 imbelles.
657 1464 809 1509 Quidam
839 1466 929 1499 enim
962 1468 1007 1500 ita
1036 1468 1192 1513 {inbelles

56 1541 150 1570 sunt,
178 1539 218 1563 ut
249 1541 426 1573 nunquam
456 1527 585 1572 possint
614 1527 688 1561 fieri
718 1528 917 1570 bellatores,
949 1538 987 1562 ut
1011 1538 1058 1563 est
1081 1531 1193 1564 senilis

60 1603 166 1633 aetas,
197 1601 230 1625 et
259 1591 370 1624 omnis
403 1590 568 1623 semineus
597 1602 707 1629 sexus,
737 1591 797 1623 sed
822 1598 855 1623 et
878 1590 1033 1624 conditio
1056 1592 1192 1626 servilis.

59 1653 203 1688 Puerilis
235 1665 314 1686 vero
347 1660 436 1684 aetas
464 1650 509 1684 ita
539 1651 685 1684 imbellis
717 1660 782 1690 est,
815 1660 853 1684 ut
881 1665 976 1696 spem
1008 1662 1101 1695 gerat
1134 1653 1193 1687 ali-

60 1717 199 1762 quando
222 1714 298 1747 fieri
319 1712 490 1746 bellatrix:
514 1712 640 1746 scilicet
664 1726 741 1745 cum
767 1713 1001 1758 occurrerit2)
1023 1714 1060 1747 in
1083 1714 1193 1748 virum

60 1779 260 1824 perfectum,
281 1776 318 1809 in
341 1787 534 1809 mensuram
560 1774 684 1821 aetatis,
713 1784 794 1807 tuuc
817 1787 889 1807 non
912 1775 1024 1808 solum
1048 1775 1194 1809 bellato-

61 1852 113 1872 res
136 1839 210 1872 fieri
234 1851 273 1871 ex
296 1837 426 1881 pueris,
457 1837 516 1870 sed
546 1846 578 1870 et
600 1836 635 1868 in
659 1848 827 1869 summam
852 1836 1056 1869 bellatorum
1082 1836 1196 1869 venire

61 1914 96 1936 se
118 1909 267 1947 sperant,
292 1907 325 1932 et
346 1911 416 1932 esse
439 1898 550 1938 electi,
575 1907 607 1930 et
630 1897 665 1930 in
690 1897 873 1931 duodecim
898 1897 1049 1930 millibus
1073 1911 1192 1932 nume—

62 1962 140 2004 rari,
163 1963 216 1996 vel
242 1960 341 1995 etiam
365 1960 539 2006 praeferri,
565 1968 596 1992 et
620 1972 690 1994 esse
713 1958 882 2004 principes
907 1958 1106 1993 electorum.

160 2166 196 2209 ¹)
220 2165 307 2200 Cod.
332 2166 438 2201 sancti
462 2165 672 2200 Theudorici
695 2166 814 2199 habet:
837 2166 1063 2206 „armillam.“
1090 2165 1130 2199 R.

156 2222 194 2265 ²)
217 2223 297 2257 Mss.
327 2223 577 2262 ‚,occurrerit.“
623 2222 717 2256 Libri
748 2221 828 2256 editi
859 2222 906 2267 (v.
939 2236 966 2256 c.
1000 2223 1078 2258 edd.
1112 2221 1197 2266 Μ.)

65 2291 83 2306 ,,
93 2267 252 2304 occurrit.
261 2272 280 2288 ‘⁸
304 2268 343 2301 R.
