1427 2460
355 89 391 112 m
414 79 594 113 Nummos
619 77 779 112 Homma
804 78 934 113 XXIII.
1142 81 1209 116 277

70 183 142 204 uno
172 178 351 216 peccatore
386 167 633 213 poenitentiam
669 177 787 211 agente
815 167 936 210 magis,
975 181 1077 214 quam
1107 183 1209 214 super

69 217 250 273 nonaginta
274 243 397 263 novem
430 229 539 276 justis,
570 230 628 275 qui
657 243 730 263 non
761 230 913 271 indigent
943 230 1206 275 poenitentia?“

71 284 185 335 Agunt
209 304 287 335 ergo
313 290 410 323 etiam
437 290 545 332 angeli
570 291 660 324 diem
683 292 824 331 festum,
845 291 1004 325 laetantes
1029 305 1131 337 super
1153 291 1204 332 iis,

70 353 128 397 qui
151 352 352 401 refugientes
377 351 547 385 consortia
572 353 797 392 daemonum,
829 365 892 397 per
923 353 1074 386 exercitia
1099 354 1203 387 virtu-

67 423 140 447 tum
165 412 321 455 angelicis
343 426 378 446 se
402 413 558 446 festinant
581 413 710 446 sociare
734 413 921 447 consortiis.
968 414 1097 447 Mirum
1127 415 1200 447 for-

64 484 149 508 tasse
171 475 223 514 sit,
248 476 343 519 quod
368 474 480 508 dicere
505 476 604 508 volo:
638 487 771 515 causas,
793 485 830 507 ut
852 474 1001 516 videtur,
1019 475 1202 509 festivitatis

67 546 100 570 et
130 536 274 569 laetitiae
311 550 375 570 nos
398 537 476 569 Deo
511 545 541 569 et
572 535 698 579 angelis
728 537 863 570 damus:
894 550 958 570 nos
983 535 1197 569 occasionem

64 598 209 632 laetitiae
241 607 271 630 et
302 593 530 631 exsultationis
559 597 593 630 in
618 597 714 630 terris
739 597 840 642 positi
865 598 962 631 coelo
986 598 1198 642 praebemus,

67 660 148 692 dum
173 672 275 703 super
297 669 400 692 terras
425 660 646 699 ambulantes,
669 660 957 693 conversationem
977 659 1142 692 habemus
1160 657 1195 690 in

65 720 185 760 coelis,
226 730 258 753 et
288 733 349 764 per
383 721 449 753 ho'c
480 720 551 753 sine
584 720 691 754 dubio
724 719 812 752 diem
843 721 964 753 festum
996 720 1196 753 coelestibus

65 782 242 815 virtutibus
277 793 484 822 generamus.
545 781 614 814 Sed
647 780 733 813 sicut
764 781 849 814 boni
879 790 972 815 actus
1002 781 1130 821 nostri,
1163 789 1195 813 et

63 842 224 875 virtutum
247 842 429 886 profectus,
454 841 611 874 laetitiam
636 842 917 886 festivitatemque
931 842 1009 875 Deo
1037 852 1068 875 et
1093 854 1192 885 ange-

61 905 101 937 lis
124 904 280 946 gignunt:
311 901 356 934 ita
387 916 522 942 vereor,
553 915 596 935 ne
627 903 715 936 mala
747 894 1097 937 conversatio'nostra
1122 917 1194 936 non

60 966 171 999 solum
195 963 302 1002 terris,
321 965 381 997 sed
406 973 437 997 et
463 965 560 997 coelo
586 965 844 999 lamentationes
868 965 1008 999 inducat
1026 974 1058 997 et
1075 965 1194 1003 luctus.

61 1035 94 1060 et
117 1026 264 1059 fortassis
290 1025 387 1058 etiam
413 1024 476 1070 ipsi
496 1025 574 1058 Deo
600 1026 728 1059 luctum
755 1025 920 1060 incutiant
943 1027 1090 1059 humana
1114 1039 1194 1070 pec-

63 1097 145 1121 cata.
194 1088 263 1120 Aut
286 1101 358 1120 non
384 1086 526 1128 lugentis
551 1096 598 1120 est
627 1086 684 1119 illa
709 1101 790 1126 vox,
817 1102 893 1120 cum
921 1088 1061 1121 dicitur:
1086 1100 1193 1131 „poe-

61 1150 145 1182 nitet
168 1148 203 1192 ¹)
228 1161 302 1187 me,
335 1148 411 1191 quia
437 1147 500 1180 feci
526 1146 700 1180 hominem
724 1161 826 1192 super
849 1148 1022 1182 terram?“
1068 1149 1137 1183 Sed
1161 1159 1193 1182 et

61 1211 117 1244 illa
140 1209 284 1243 Domini
317 1218 349 1241 et
373 1209 556 1242 Salvatoris
587 1209 692 1242 nostri
715 1209 750 1242 in
775 1210 978 1252 Evangelio,
1009 1209 1069 1243 ubi
1093 1209 1191 1242 dicit:

60 1269 339 1312 „Jerusalem‚²)
362 1268 568 1307 JeruJalem,
593 1283 680 1314 quae
703 1270 831 1315 lapidas
854 1271 1055 1316 prophetas,
1078 1279 1110 1304 et
1133 1283 1191 1303 oc-

62 1332 144 1366 cidis
177 1345 233 1365 eos
263 1330 380 1364 missos
411 1332 453 1363 ad
485 1340 535 1370 te,
578 1332 710 1375 quoties
742 1331 836 1364 volui
868 1344 1070 1374 congregare
1103 1331 1191 1364 filios

60 1403 154 1435 tuos,
188 1393 479 1437 quemadmodum
514 1392 635 1434 gallina
670 1402 850 1435 congregat
880 1394 994 1438 pullos
1022 1407 1100 1426 suos
1130 1393 1192 1426 sub

61 1455 121 1489 alis
152 1453 237 1495 suis,
267 1462 299 1486 et
327 1451 515 1486 noluisti!“
569 1452 615 1485 Et
645 1467 689 1486 ne
717 1462 835 1498 putes,
869 1454 947 1499 quia
977 1455 1021 1487 de
1049 1453 1193 1498 antiquis

59 1515 298 1550 tantummodo
325 1514 451 1547 dictum
477 1523 534 1554 est,
558 1515 652 1559 quod
675 1515 901 1559 lapidaverint
922 1515 1123 1560 prophetas:
1160 1524 1192 1548 et

61 1591 122 1620 ego
147 1576 251 1610 hodie
273 1575 301 1609 si
324 1577 513 1621 prophetae
537 1577 638 1610 verba
662 1590 734 1610 non
759 1576 906 1617 audiam,
929 1578 955 1610 si
975 1576 1105 1610 monita
1121 1575 1191 1622 ejus

61 1652 236 1684 spernam,
267 1638 383 1682 lapido
408 1638 628 1682 prophetam,
661 1647 694 1671 et
717 1649 880 1683 quantum
905 1638 940 1671 in
964 1652 1018 1671 me
1042 1647 1107 1678 est,
1131 1650 1191 1671 oe·

63 1700 159 1739 cido,
189 1698 284 1745 cujus
315 1697 442 1731 scilicet
471 1700 573 1732 verba
603 1712 675 1732 non
708 1699 829 1740 audio,
860 1708 1021 1744 tanquam
1052 1699 1190 1732 mortui.

63 1762 132 1796 Sed
157 1770 190 1794 et
212 1760 269 1794 illa
292 1760 480 1793 humanum
504 1773 608 1803 genus
631 1759 842 1793 lamentantis
867 1761 933 1794 Dei
956 1774 1020 1794 vox
1045 1769 1102 1800 est,
1124 1773 1190 1805 qua

64 1822 186 1856 dicitur
208 1835 270 1866 per
292 1821 514 1866 prophetam:
545 1822 681 1864 „beu³)
706 1835 778 1861 me,
802 1822 964 1866 quoniam
989 1823 1094 1855 sactus
1116 1835 1190 1855 sum

65 1884 151 1917 sieut
174 1883 233 1927 qui
259 1892 438 1925 congregat
461 1883 619 1929 stipulam
643 1882 678 1915 in
711 1896 835 1923 messe,
865 1893 897 1916 et
924 1883 1009 1917 sicut
1039 1895 1192 1917 racemus

64 1945 101 1978 in
119 1943 299 1985 vindemia,
325 1943 403 1988 quia
427 1957 498 1977 non
524 1953 571 1978 est
593 1944 696 1989 spica,
718 1957 832 1990 neque
856 1945 972 1992 botrys
995 1945 1039 1979 ad
1062 1944 1192 1978 edenda

163 2129 197 2173 ¹)
222 2128 344 2162 Genes.
369 2128 433 2168 VI,
457 2130 488 2164 6.
512 2130 542 2163 7.
920 2141 923 2145 '
1014 2173 1019 2176 μ

161 2184 199 2228 ²)
225 2184 296 2217 Csr.
319 2184 441 2217 Matth.
464 2185 599 2225 XXIII,
622 2186 677 2221 37.
703 2187 781 2219 coll.
807 2187 884 2219 edd.
908 2186 951 2219 N.
976 2185 1018 2219 T.

159 2240 197 2285 ³)
220 2240 327 2277 Mich.
350 2241 435 2281 VII,
460 2242 490 2275 1.
514 2242 549 2276 2.
573 2261 615 2268 -·
640 2241 728 2276 Edd.
754 2242 803 2276 Μ.
829 2252 861 2277 et
884 2243 926 2278 R.
950 2243 1135 2283 „botrusst‘
