1427 2460
203 73 271 108 18⁰
679 70 856 103 Omcnms

203 163 290 197 mini
313 175 382 196 esse
415 160 554 200 dicitur,
583 169 620 193 ut
651 160 773 193 reddat
805 158 990 204 unicuique
1021 159 1208 192 secundum
1242 172 1345 204 opera

202 238 274 266 sua,
295 225 330 258 in
344 223 481 256 Christo
505 221 586 254 Jesu
612 221 767 255 Domino
791 231 922 262 nostro,
948 220 1001 254 cui
1026 229 1073 254 est
1089 219 1195 262 gloria
1225 229 1256 253 et
1280 219 1344 253 im—

205 286 337 331 perium
362 286 397 319 in
421 284 552 318 saecula
578 283 803 317 saeculorum.
831 283 949 316 Arnen.

480 539 877 580 HOMILIA
943 538 1070 581 XVI.

513 639 567 671 De
591 638 772 684 prophetia
800 637 863 671 alia
887 638 1039 672 Balaam.

298 732 328 764 1.
353 728 474 763 Priore
496 737 657 769 tractatu,
680 729 717 762 in
741 738 905 774 quantum
930 728 1091 773 possibile
1115 728 1196 769 suit,
1222 728 1349 773 primas

209 803 320 839 partes
350 791 552 837 prophetiae
582 790 724 824 Balaam
755 789 923 836 explicare
953 789 1164 824 tentavimus.
1218 791 1348 825 Secun-

210 856 292 888 dum
315 867 407 887 nunc
431 853 633 898 prophetiae
657 851 792 885 initium
817 851 1012 893 sumsimus,
1029 851 1064 897 ¹)
1088 861 1143 892 ut,
1174 852 1201 885 si
1226 852 1351 886 Domi·

208 930 272 956 nus
296 915 468 960 adspirare
491 914 664 957 dignetur,
688 913 787 947 etiam
812 913 855 946 de
878 914 940 946 hac
964 927 1028 958 pro
1054 913 1191 953 viribus,
1215 913 1351 958 quae2)
1404 919 1405 922 ’

211 990 391 1012 occurrere
418 974 610 1022 potuerint,
643 975 678 1008 in
714 975 865 1008 medium
897 976 1125 1020 proferamus.
1181 974 1349 1008 Inconve-

209 1040 304 1073 niens
329 1038 419 1072 enim
441 1037 525 1070 mihi
549 1037 656 1069 visum
681 1045 738 1076 est,
764 1035 915 1080 quamvis
939 1037 1021 1069 haec
1046 1035 1196 1070 difficilia
1211 1036 1351 1070 videan-
1402 1046 1404 1050 ’

209 1110 276 1141 tur,
298 1100 548 1143 interrumpere
573 1106 753 1130 tractatum
779 1110 917 1138 corum,
951 1097 1135 1142 quominus
1173 1099 1215 1131 de
1237 1097 1351 1139 singu-

211 1162 270 1201 lis,
301 1173 388 1205 quae
419 1158 714 1203 comprehendere
745 1171 943 1203 possumus,
978 1158 1192 1204 explicemus.
1245 1158 1352 1201 Igitur

212 1221 341 1255 Balach
373 1233 447 1264 rex,
488 1220 590 1253 veluti
621 1219 802 1261 attonitus,
842 1230 874 1254 et
903 1233 1080 1265 percussus
1104 1234 1143 1254 ex
1175 1220 1232 1260 iis,
1263 1232 1352 1265 quae
1399 1227 1401 1230 '

214 1292 333 1318 contra
356 1292 453 1328 spem
477 1280 544 1315 dici
567 1282 704 1315 videbat
733 1295 751 1314 a
779 1281 942 1322 Balaam,
972 1302 1017 1308 —
1048 1280 1352 1326 benedictiones³)
1404 1288 1408 1329 ζ

214 1346 306 1379 enim
330 1358 394 1390 pro
419 1342 719 1377 maledictionibus
743 1341 903 1376 audiebat
925 1362 978 1382 —,
1009 1344 1096 1376 ultra
1126 1356 1199 1376 non
1228 1342 1351 1383 serens,

213 1404 396 1450 interrupit
419 1404 521 1437 verba
547 1402 630 1449 ejus,
661 1412 694 1436 et
720 1403 781 1437 ait:
818 1402 921 1448 „quid
934 1403 971 1447 4)
1003 1403 1110 1438 fecisti
1141 1403 1249 1437 mihi?
1295 1404 1351 1437 Ad

211 1465 468 1499 maledicendos
498 1464 655 1498 inimicos
680 1478 775 1498 meos
800 1465 916 1498 vocavi
948 1475 999 1505 te,
1037 1475 1070 1498 et
1105 1478 1201 1506 ecce,
1246 1466 1351 1498 bene-

215 1527 323 1561 dixisti
347 1526 618 1560 benedictione.“
668 1527 751 1560 Non
784 1525 860 1559 tulit
891 1539 948 1558 rex
980 1538 1115 1560 amarus
1138 1526 1351 1560 benedictio·
1401 1526 1405 1534 '

214 1601 296 1622 num
322 1589 549 1627 dulcedinem,
573 1589 631 1621 sed
657 1588 834 1621 maledicta
857 1587 1006 1632 quaerit,
1036 1588 1217 1622 maledicta
1242 1589 1352 1634 depo—
1400 1607 1401 1610 =

212 1651 284 1685 scit.
331 1650 389 1683 Est
413 1650 504 1683 enim
531 1662 569 1682 ex
595 1640 797 1692 cogitatione
820 1648 928 1689 illius,
960 1650 1003 1683 ad
1031 1662 1133 1694 quem
1169 1649 1250 1683 dixit
1273 1649 1351 1682 Do-

215 1712 343 1746 minus:
369 1710 585 1752 „maledictus
599 1711 634 1756 ⁵)
658 1720 694 1743 tu
719 1712 762 1744 ab
789 1711 948 1744 omnibus
966 1710 1078 1744 bestiis
1101 1713 1245 1745 terrae.“
1281 1710 1351 1745 Sed
1392 1744 1399 1751 ,,

215 1773 298 1818 quid
322 1773 364 1806 ad
389 1773 472 1806 haec
495 1773 671 1816 respondit
697 1771 725 1805 ei
750 1771 824 1812 ille,
855 1771 916 1805 -cui
946 1773 1086 1805 verbum
1113 1772 1207 1806 Deus
1231 1772 1265 1805 in
1291 1784 1353 1805 ore
1388 1796 1399 1808 ⁴,

215 1833 398 1879 posuerat?
432 1834 578 1874 „Nonne
590 1833 627 1877 ⁶)
651 1846 892 1878 quaecunque,
923 1833 1049 1878 inquit,
1079 1832 1235 1879 injecerit
1258 1833 1353 1867 Deus

310 1941 344 1985 ¹)
370 1940 457 1974 Cod.
482 1939 567 1974 Msc.
594 1938 827 1985 Corbejensis:
851 1943 1074 1980 ,‚sumemus.“
1099 1939 1140 1972 R.

214 2040 250 2072 d·
307 1996 345 2040 ²)
373 1996 474 2073 0ῡᾶἑῖ
488 1995 573 2029 Msc.
589 1995 822 2042 Corbejensis:
845 2008 954 2040 „quae
978 1995 1198 2035 occurrerint,
1220 1993 1257 2027 in
1279 2007 1351 2028 me-
1402 1996 1413 2023 ·“-’

242 2046 333 2073 ium“
357 2051 418 2074 etc.
476 2067 487 2078 .
1405 2051 1412 2058 ’

310 2096 346 2138 ³)
370 2096 464 2128 Idem
511 2095 646 2129 Codex:
685 2095 998 2135 „benedictionesffl
1053 2094 1145 2129 Alias
1175 2095 1223 2140 (v.
1257 2108 1284 2128 c.
1315 2094 1351 2128 in

213 2140 294 2174 cdd.
319 2140 404 2182 Μ.);
429 2140 760 2180 „benedictionem.“
783 2141 824 2175 R.

310 2193 346 2238 4)
370 2195 473 2228 Num.
497 2196 627 2236 XXIll,
653 2198 704 2230 11.
802 2195 838 2239 ⁵)
865 2195 988 2230 Genes.
1011 2195 1069 2235 Ill,
1095 2196 1146 2228 14.

306 2248 345 2293 ⁸>
371 2250 470 2284 Num.
495 2250 623 2290 XXIII,
649 2252 700 2284 12.
