1427 2460
328 84 366 107 m
390 75 569 107 Nummos
593 71 754 105 nomm
778 73 904 105 XXIV.
1120 75 1188 109 295

60 165 142 198 lium
167 166 371 198 mandantur
397 163 542 203 hostiae,
577 163 700 208 procul
726 161 832 195 dubio
858 175 945 206 quae
969 163 1187 197 convenirent

60 226 271 259 varietatibus
305 234 531 270 peccatorum.
579 225 637 258 Sic
669 237 748 266 ergo
774 224 971 269 efficitur1)
1004 225 1087 259 aiius
1110 239 1187 259 san-

59 296 208 327 ctorum,
229 286 296 320 sive
319 288 535 328 angelorum,
558 296 596 319 ut
620 285 781 325 diximus,
802 286 870 318 sive
894 286 1073 320 hominum
1102 286 1187 320 vitu-

58 349 127 388 lus,
156 349 213 393 qui
245 348 280 380 in
309 348 367 381 illa
393 348 565 381 festivitate
587 346 786 380 interveniat
809 361 874 392 pro
897 347 1019 392 populi
1043 348 1187 381 delictis:

57 410 141 443 alius
164 419 275 442 autem
301 410 384 443 aries
408 410 443 442 in
467 410 531 442 alia
557 409 749 443 festivitate:
774 421 922 453 quorum
946 409 1188 443 intercessione

55 472 114 504 fiat
135 470 329 516 purificatio
353 485 418 516 pro
441 471 595 515 peccatis.
643 470 750 514 Quod
774 469 800 504 si
823 469 997 515 purificari
1013 471 1188 515 potuerint

55 532 210 566 homines
241 546 258 566 a
289 532 453 578 peccatis,
487 540 519 564 et
549 545 618 565 esse
641 531 808 576 puriores,
838 531 1042 566 minuuntur
1067 541 1098 565 et
1122 532 1187 565 ho-

55 595 146 629 stiae.
193 595 230 629 Si
264 595 353 628 enim
385 607 450 639 pro
482 592 629 638 peccatis
652 603 729 627 sunt
754 594 902 634 hostiae,
932 602 965 626 et
983 606 1048 637 pro
1072 593 1187 626 multi-

55 656 174 690 tudine
204 665 425 702 peccatorum
448 654 689 699 multiplicatae
710 663 792 687 sunt
812 654 885 688 sine
909 655 1034 696 dubio,
1071 664 1102 688 et
1121 668 1186 700 pro

56 718 231 761 exiguitate
261 719 472 751 minuuntur.
525 715 637 762 Hujus
669 725 781 749 autem
815 715 863 749 rei
895 716 930 749 in
954 717 1188 761 praesentibus

57 780 140 813 locis
163 780 359 825 Scripturae
383 780 546 812 habemus
570 777 715 817 indicia,
746 777 782 810 id
807 787 872 817 est,
894 777 930 810 in
954 777 1070 810 uitima
1098 777 1188 810 festi-

55 841 155 874 vitate
182 840 422 886 scenopegiae,
455 853 533 872 cum
568 852 630 884 per
662 848 741 872 octo
775 839 845 872 dies
876 839 1005 874 hostiae
1027 839 1189 885 jubentur

55 901 183 935 offerri.
230 901 276 935 Et
298 900 409 946 prima
433 901 570 945 quidem
596 899 668 941 die,
694 900 788 946 quasi
812 901 925 934 adhuc
948 902 982 935 in
1009 902 1188 935 abundan-

54 963 100 997 tia
143 972 382 1008 peccatorum,
423 963 682 1007 quatuordecim
726 962 821 996 vituli
857 961 1021 1008 jubentur
1059 963 1187 999 offerri.

56 1025 216 1059 Secunda
246 1034 359 1058 autem
383 1025 439 1058 die
462 1023 649 1058 imminutis
674 1033 792 1069 utpote
815 1024 961 1069 peccatis
984 1024 1188 1057 minuuntur

57 1097 88 1120 ct
112 1087 248 1126 hostiae,
273 1096 305 1120 et
329 1086 490 1120 tredecim
517 1085 611 1119 vituli
636 1087 837 1120 offeruntur.
885 1086 998 1119 Tertia
1023 1085 1078 1119 die
1098 1087 1188 1119 duo-

57 1149 183 1188 decim,
215 1157 247 1181 et
275 1157 352 1193 post
382 1148 467 1180 haec
490 1147 666 1180 undecim:
699 1157 731 1180 et
753 1147 798 1180 ita
823 1148 917 1192 quasi
942 1147 1188 1192 purificationi-

56 1211 119 1243 bus
134 1209 172 1253 ²)
195 1209 373 1243 deficiente
396 1222 458 1254 per
482 1208 551 1242 dies
569 1208 787 1241 multitudine
806 1218 1037 1252 peccatorum,
1062 1209 1187 1242 minui-

56 1281 112 1304 tur
136 1280 384 1315 consequenter
405 1270 504 1303 etiam
529 1283 690 1303 numerus
709 1271 907 1303 hostiarum.
953 1272 1011 1304 Sic
1027 1272 1064 1313 3)
1089 1271 1188 1304 etiam

55 1346 121 1378 pro
159 1332 410 1377 dispensatione
444 1330 547 1365 totius
588 1331 709 1364 mundi
746 1333 911 1366 rationem
942 1333 1188 1376 purificationis

56 1393 220 1435 intelligis.
267 1392 425 1435 Indigent
453 1393 544 1426 enim
575 1392 834 1438 purificatione,
865 1407 935 1426 non
966 1395 1078 1427 solum
1103 1409 1190 1439 quae

57 1456 92 1488 in
126 1465 211 1488 terra
244 1464 340 1494 sunt,
369 1456 428 1488 sed
461 1469 548 1500 quae
577 1454 611 1487 in
644 1455 757 1489 coelis.
805 1455 964 1489 Imminet
986 1470 1135 1501 namque
1158 1467 1189 1490 et

59 1515 161 1549 coelis
176 1514 213 1559 4)
236 1516 394 1560 perditio,
419 1517 466 1550 sic
491 1517 581 1549 enim
600 1516 679 1549 dicit
698 1517 883 1562 propheta:
909 1517 1019 1559 „coeli
1035 1518 1070 1562 ⁵)
1096 1519 1185 1563 peri—

59 1578 160 1618 bunt,
186 1587 217 1610 et
243 1591 362 1611 omnes
385 1588 422 1610 ut
445 1579 678 1611 vestimentum
705 1587 918 1619 veterascent,
942 1589 974 1612 et
995 1579 1081 1613 sicut
1104 1581 1188 1613 anii-

59 1649 150 1673 ctum
174 1640 325 1673 involves
350 1653 419 1679 eos,
443 1648 474 1672 et
497 1639 753 1673 mutabuntur.“
804 1641 940 1674 Intuere
964 1641 1064 1684 igitur
1087 1642 1189 1675 totius

155 1778 188 1820 ¹)
213 1776 302 1811 Cod.
336 1779 444 1813 sancti
475 1779 700 1813 Theudorici:
741 1779 892 1820 „dicitur
931 1781 1015 1815 alius
1050 1783 1187 1827 quidem

58 1828 284 1858 sanctorum“
307 1833 372 1861 etc.
415 1825 458 1858 R.

153 1881 189 1924 ²)
212 1881 318 1914 Deest
360 1880 710 1926 „purificationibus“
751 1882 787 1914 in
831 1882 924 1916 libris
959 1890 1057 1916 antea
1094 1883 1188 1918 editis

60 1925 108 1970 (v.
133 1939 161 1958 c.
188 1928 264 1959 edd.
289 1926 368 1969 M.),
392 1927 449 1959 sed
473 1927 652 1970 suppletur
675 1940 712 1960 ex
739 1927 857 1960 omnib
867 1942 898 1961 us
922 1927 1002 1962 Mss.
1050 1928 1088 1961 R.

154 1981 192 2024 ³)
216 1982 266 2015 Ita
296 1983 423 2015 habent
457 1981 568 2015 Codd.
602 1983 811 2016 Turonensis
842 1992 874 2016 et
902 1983 1135 2025 Ebroiccnsis,
1168 2000 1187 2019 a

61 2026 184 2070 quibus
207 2040 280 2060 non
304 2028 449 2060 muitum
472 2028 598 2061 recedit
616 2027 703 2061 Cod.
727 2027 834 2061 sancti
857 2028 1084 2063 Theudorici:
1109 2031 1187 2069 „Sic

61 2070 160 2103 ctiam
191 2085 252 2115 per
282 2071 570 2116 dispensationem
601 2073 704 2106 totius
732 2073 853 2106 mundi
876 2075 1042 2108 rationem
1065 2076 1186 2120 purifi-

61 2116 201 2148 cationis
232 2117 412 2158 intellige.‘·
459 2117 498 2150 In
521 2118 616 2151 libris
639 2131 719 2151 vero
743 2127 840 2151 antea
865 2119 961 2152 editis
986 2121 1034 2165 (e.
1058 2134 1086 2155 e.
1110 2122 1187 2154 edd.

59 2159 130 2203 Μ.)
153 2161 291 2203 legitur:
324 2162 402 2200 „Sic
427 2164 525 2196 ctiam
549 2176 611 2208 per
635 2164 920 2208 dispensationem
942 2167 1044 2200 totius
1067 2168 1187 2202 mundi

60 2205 147 2240 ratio
172 2217 219 2240 est
241 2207 486 2250 purificationis
511 2217 543 2241 et
564 2208 826 2243 intellectuum.“
872 2209 901 2242 R

155 2261 193 2307 ⁴)
216 2261 305 2298 Edd.
328 2263 485 2299 Merlini:
509 2264 605 2299 coeli.
700 2265 738 2310 ⁵)
761 2265 885 2302 Psalm.
905 2235 984 2310 tell,
1006 2267 1058 2303 26.
