1427 2460
393 85 430 109 m
453 76 631 110 Nummos
655 72 817 106 HommA
841 73 883 105 V.
1161 73 1204 107 41

75 168 160 201 haec
185 175 217 200 et
242 164 438 211 operienda,
460 163 521 197 ubi
545 162 660 197 ceteris
685 163 756 196 dari
774 176 811 196 ea
835 171 867 196 et
888 161 924 195 in
950 174 1035 206 opus
1058 162 1205 206 proferri

76 229 163 262 ratio
188 225 391 273 poposcerit.

165 291 197 324 2.
221 289 304 321 Post
334 288 416 320 haec
449 286 573 320 dicitur
604 287 647 320 de
676 286 817 320 Levitis:
850 286 908 330 qui
933 285 1165 333 operentur¹)
1188 298 1208 319 a

76 351 234 384 vicesimo
259 349 378 394 quinto
403 362 493 382 anno
519 357 551 381 et
575 362 676 393 supra
699 361 807 392 usque
829 349 872 381 ad
895 347 1208 392 quinquagesimum

78 425 215 446 annum.
262 410 466 454 ‚‚Omnis‚2)
490 410 610 460 inquit,
634 410 691 454 qui
711 408 867 454 procedit
882 410 924 442 ad
944 423 1029 453 opus
1054 422 1209 453 operum,

77 483 109 507 et
132 474 175 507 ad
201 486 317 518 opera,
341 485 426 517 quae
440 481 631 516 portantur,
646 470 856 504 tabernaculi
871 469 1085 503 testimonii.“
1133 469 1209 503 Ob-

75 548 169 569 serva
192 534 228 567 in
251 535 302 567 his
327 532 573 566 distinctionem
595 545 790 566 sermonum
812 531 942 565 divinae
955 531 991 575 3)
1014 531 1211 575 scripturae.

76 597 148 629 Ubi
173 598 215 629 de
239 595 401 640 operibus
423 594 573 627 filiorum
598 594 702 627 Israel
721 593 881 638 loquitur,
905 606 976 625 non
1001 592 1082 625 dicit
1106 606 1212 637 opera

79 671 235 703 operum,
260 659 319 690 sed
342 657 416 689 sola
440 669 554 701 opera.
600 655 671 689 Ubi
694 667 774 688 vero
800 655 841 687 de
866 654 986 687 officiis
1010 654 1212 694 Levitarum,

68 726 155 753 'non
187 719 266 752 dicit
296 719 368 752 sola
402 730 523 762 opera,
553 718 611 751 sed
642 729 744 761 opera
781 730 936 761 operum.
994 715 1089 748 Sicut
1121 716 1214 748 enirn

79 790 158 814 sunt
183 781 349 825 quaedam
372 789 495 819 sancta,
518 788 597 813 sunt
614 787 725 812 autem
744 787 774 810 et
791 778 854 811 alia
870 787 982 811 sancta
998 787 1212 811 sanctorum:

77 842 124 875 ita
147 851 225 875 sunt
249 841 415 886 quaedam
440 853 561 885 opera,
602 849 635 873 et
667 840 731 872 alia
764 853 867 884 opera
903 852 1056 884 operum.
1109 839 1213 872 Unde

79 903 210 936 videtur
232 903 326 943 mihi,
351 903 428 947 quia
454 903 584 942 Moses,
616 901 676 934 ubi
700 901 801 934 sensit
825 914 892 934 esse
917 902 1083 945 quaedam
1109 914 1215 945 opera

79 964 218 999 visibilia
244 964 398 1009 quidem,
435 965 494 997 sed
526 964 648 1008 quibus
672 963 792 996 inesset
822 961 965 995 interior
988 962 1052 996 alia
1074 962 1216 1009 mystica

81 1036 113 1060 et
136 1028 267 1060 occulta
290 1025 518 1067 intelligentia,
542 1025 626 1058 haec
649 1038 721 1058 non
748 1025 861 1058 solum
886 1037 1002 1068 opera,
1025 1025 1084 1058 sed
1109 1037 1215 1069 opera

80 1101 224 1133 operum
249 1087 385 1122 dixerit:
410 1101 497 1132 quae
520 1100 599 1120 vero
617 1086 822 1126 communia,
848 1094 880 1118 et
897 1085 1081 1130 praesentis
1104 1087 1216 1119 solum

80 1150 244 1193 temporis
269 1162 372 1193 opera
396 1149 574 1187 intellexit,
606 1149 690 1181 haec
714 1148 824 1180 solum
851 1160 957 1191 opera
980 1147 1216 1180 nominaverit.

83 1211 172 1244 Sunt
204 1223 282 1251 ergo
317 1211 483 1255 quaedam
516 1222 621 1254 opera
646 1222 808 1253 operum,
843 1221 929 1252 quae
953 1220 1013 1250 ego
1037 1218 1121 1253 puto
1148 1222 1216 1242 esse

86 1271 200 1305 omnia
224 1273 325 1311 haec,
358 1273 400 1304 de
433 1270 556 1315 quibus
586 1272 639 1303 vel
662 1271 697 1303 in
722 1269 889 1314 praesenti
914 1269 1078 1310 lectione,
1102 1271 1155 1302 vel
1180 1271 1217 1304 in

82 1332 206 1365 Exodo
233 1342 263 1365 et
288 1333 406 1365 ceteris
429 1332 512 1365 locis
543 1332 607 1364 sub
640 1331 780 1364 occultis
810 1330 1018 1375 praecipitur
1040 1331 1219 1377 mysteriis,

85 1403 116 1426 et
138 1407 203 1438 pro
227 1403 324 1438 parte
346 1394 382 1427 in
405 1393 584 1437 praesenti,
606 1405 672 1437 pro
695 1401 790 1436 parte
806 1405 886 1425 vero
907 1393 1081 1436 explendis
1102 1393 1139 1425 in
1164 1394 1218 1425 fu-

84 1465 207 1489 turum.
230 1474 235 1477 >
255 1455 355 1498 Quae
378 1464 502 1494 tamen,
525 1463 563 1486 ut
588 1452 743 1494 diximus,
768 1467 873 1498 opera
888 1467 1043 1498 operum,
1057 1467 1128 1487 non
1146 1454 1218 1486 cui-

82 1517 177 1557 libet,
201 1517 259 1550 sed
274 1516 395 1549 Levitis
419 1517 500 1549 solis
525 1516 691 1549 tradenda
715 1517 929 1549 mandantur.
976 1515 1021 1548 Et
1043 1515 1130 1548 inter
1153 1516 1217 1548 Le-

83 1577 166 1611 vitas
190 1577 279 1622 ipsos
309 1591 383 1611 non
415 1577 508 1622 prius
548 1578 592 1610 ad
622 1578 705 1609 haec
731 1590 835 1621 opera
866 1576 1045 1621 quisquam
1068 1587 1218 1617 vocatur,

84 1639 148 1673 nisi
172 1653 190 1672 a
209 1639 366 1673 vicesimo
401 1640 540 1672 demum
574 1648 606 1671 et
639 1639 758 1682 quinto
784 1651 874 1671 anno
899 1638 984 1671 vitae
1007 1652 1087 1672 suae
1110 1652 1217 1683 usque

87 1702 130 1733 ad
156 1700 481 1745 quinquagesimum.
536 1700 604 1733 Sed
636 1713 709 1733 non
734 1710 823 1733 caret
846 1710 1055 1733 sacramento
1079 1714 1124 1734 ne
1147 1701 1219 1745 ipse

90 1761 227 1806 quidem
252 1762 367 1803 viginti
399 1762 550 1806 quinque
580 1770 612 1793 et
644 1761 886 1806 quinquaginta
921 1775 1083 1795 numerus
1107 1775 1217 1794 anno-

87 1837 174 1855 rum.
221 1823 310 1856 Nam
333 1823 369 1855 in
391 1822 506 1865 viginti
530 1822 681 1866 quinque
704 1836 860 1863 numero,
885 1825 1035 1868 quinque
1058 1837 1218 1856 sensuum

87 1884 252 1929 perfectio
277 1885 481 1923 declaratur,
518 1884 564 1916 ita
586 1893 624 1916 ut
648 1884 825 1928 quinquies
849 1883 952 1928 quina
984 1895 1216 1918 numerentur.

91 1946 198 1989 Quod
230 1945 349 1989 utique
376 1944 504 1977 indicat
540 1957 618 1977 eum
647 1944 762 1977 vocari
793 1947 836 1978 ad
869 1959 973 1990 opera
1005 1960 1149 1992 operum
1180 1948 1218 1980 in

90 2007 248 2054 mysterio
279 2007 487 2051 peragenda,
519 2005 577 2050 qui
609 2019 647 2039 ex
679 2006 773 2040 omni
804 2016 901 2051 parte
930 2008 1159 2053 multiplicatis
1185 2018 1217 2042 et

89 2068 275 2113 purificatis
297 2068 448 2102 sensibus
477 2067 646 2101 invenitur
676 2081 746 2102 esse
773 2069 951 2114 perfectus,
998 2069 1220 2115 Quinquage-

185 2195 222 2239 1)
247 2195 315 2230 Cfr.
337 2196 439 2230 Num.
462 2197 521 2237 IV,
544 2197 597 2232 47.
623 2198 699 2230 coll.
723 2198 756 2232 3.
849 2197 886 2241 ²)
911 2198 1011 2232 Num.
1035 2197 1094 2238 IV,
1117 2197 1170 2232 47.

183 2250 220 2294 ³)
244 2250 332 2286 Edd.
357 2252 513 2287 Merlini:
537 2251 722 2297 scripturae
746 2251 886 2289 divinae.
