1427 2460
206 75 274 110 152
707 78 884 111 Omossms

209 165 299 210 cepit
328 166 509 198 invocandi
540 164 730 207 Christum,
762 181 835 201 non
865 178 974 213 potest
1004 168 1126 202 iterum
1159 170 1342 204 daemones

208 227 386 260 invocare:
420 236 452 259 et
483 226 540 271 qui
572 227 678 261 sancti
709 228 853 273 Spiritus
877 230 1043 275 particeps
1068 231 1173 264 factus
1198 240 1262 272 est,
1300 233 1343 266 ad

208 288 406 321 immundos
438 287 526 321 ultra
556 289 692 333 spiritus
722 293 884 326 accedere
913 306 985 326 non
1017 292 1126 326 debet.
1183 292 1221 331 Si
1252 292 1342 326 enim

207 349 416 382 invocaverit
436 349 634 384 immundos
657 351 810 396 spiritus,
845 363 977 387 sanctus
991 352 1026 399 ι>
1060 355 1103 387 ab
1136 367 1176 388 eo
1207 354 1343 400 spiritus

208 411 339 452 refugit.
391 411 484 454 Magi
516 421 608 452 sunt,
645 412 703 457 qui
734 412 1126 449 invocant‘Beelzebub.
1183 415 1344 460 Denique

208 471 334 505 sciebat
357 472 423 506 hoc
446 475 596 519 populus
620 474 700 516 ille,
731 484 763 509 et
797 476 876 509 ideo
903 476 1102 510 mentientes
1124 485 1242 510 contra
1266 475 1342 509 Do-

206 533 340 567 minum
366 548 481 568 meum
505 528 640 577 Jesum,
672 545 704 569 et
726 538 808 571 falsa
835 537 999 578 dicentes,
1033 537 1184 571 aiebant:
1216 536 1293 577 „hic
1305 535 1341 580 ²)

206 592 242 627 in
266 594 479 644 Beelzebub,
517 597 670 643 principe
695 598 975 639 daemoniorum,
1015 597 1105 643 ejicit
1128 598 1341 634 daemonia.“

208 657 366 691 Salvator
389 669 503 693 autem
525 659 641 700 sciens,
666 661 744 705 quia
761 674 877 694 verum
895 671 941 695 est
955 651 1104 705 quidem,
1129 661 1223 705 quod
1245 660 1340 705 prin-

208 731 285 762 ceps
318 720 455 764 quidem
494 721 756 755 daemoniorum
788 722 983 756 Beelzebub
1016 722 1076 762 sit,
1108 721 1145 754 in
1181 722 1249 754 hoc
1285 734 1342 754 eos

205 793 276 813 non
297 781 406 822 arguit
422 784 609 817 mendacii:
635 785 694 817 sed
712 779 888 829 respondit
911 783 969 817 iis:
994 784 1041 824 „si
1054 784 1100 828 ³)¹
1115 779 1175 826 ego
1189 785 1224 817 in
1242 782 1342 816 Beel-

205 843 315 875 zebub
342 843 438 889 ejicio
465 846 655 886 daemonia,
678 845 740 879 filii
763 845 861 878 vestri
885 846 917 879 in
940 859 1009 890 quo
1031 844 1216 890 ejiciunt?“
1239 845 1342 878 Unde

207 912 337 937 constat
365 917 434 938 esse
469 907 634 950 quosdam
674 907 858 939 daemones
893 907 1018 947 malos,
1053 907 1110 952 qui
1141 905 1289 939 invocati
1322 919 1341 939 a

204 965 320 1008 magis,
343 967 466 1000 adsunt
487 967 526 1001 iis
551 970 594 1002 ad
617 969 757 1008 malum,
781 981 852 1001 non
867 969 911 1001 ad
930 969 1072 1002 bonurn.
1111 968 1225 1001 Parati
1248 967 1340 1000 enim

204 1037 282 1060 sunt
307 1029 351 1061 ad
374 1029 669 1070 malefaciendum,
692 1033 782 1064 bene
805 1040 918 1064 autem
942 1031 1055 1063 faeere
1077 1030 1242 1064 nesciunt.
1282 1029 1338 1063 Isti

206 1101 284 1130 ergo
310 1091 493 1124 daemones
525 1101 596 1124 arte
627 1093 774 1136 quadam
808 1102 841 1125 et
873 1090 1122 1135 compositione
1154 1092 1339 1123 verborum

203 1150 237 1184 in
265 1152 436 1192 amicitias,
459 1162 495 1185 ut
512 1152 557 1185 ita
575 1153 696 1193 dicam,
723 1163 889 1187 cesserant
904 1152 1055 1193 Balaam,
1081 1165 1230 1198 quorum
1255 1151 1339 1184 ami-

205 1212 288 1246 citiis
312 1215 435 1255 fretus,
469 1228 609 1258 magnus
635 1216 725 1260 apud
750 1215 906 1249 homines
939 1216 1125 1249 videbatur.
1181 1213 1239 1248 Ob
1271 1213 1340 1246 hoc

204 1286 283 1315 ergo
304 1275 404 1309 mittit
427 1279 470 1310 ad
494 1291 572 1311 eum
597 1292 664 1318 ren,
689 1287 720 1311 et
744 1278 806 1310 ait:
830 1275 975 1319 „veni²)
999 1289 1115 1319 nunc,
1140 1284 1171 1309 et
1194 1273 1340 1308 maledic

203 1336 287 1369 mihi
310 1339 482 1383 populum
506 1339 614 1378 hunc,
652 1340 730 1383 quia
762 1338 885 1371 fortior
920 1346 968 1371 est
992 1337 1046 1370 hic
1071 1350 1172 1381 quam
1197 1349 1278 1375 nos,
1310 1335 1337 1368 si

203 1399 291 1431 forte
313 1400 481 1443 possimus
505 1409 682 1445 percutere
710 1399 843 1444 aliquos
869 1412 906 1431 ex
929 1398 986 1438 iis,
1012 1408 1042 1431 et
1066 1397 1187 1444 ejicere
1213 1410 1270 1430 eos
1297 1398 1339 1429 de

203 1465 324 1492 terra.“
377 1460 521 1494 Videtur
551 1461 635 1495 mihi
665 1474 721 1494 rex
754 1460 808 1493 hic
843 1473 915 1493 non
947 1472 984 1492 ex
1008 1459 1139 1500 integro
1165 1457 1338 1491 confidere

203 1521 238 1553 in
261 1520 403 1555 Balaam
428 1523 563 1563 divino,
586 1522 730 1565 ingenti,
756 1522 878 1561 credo,
901 1522 942 1554 de
964 1520 1162 1560 virtutibus,
1192 1532 1279 1564 quae
1301 1519 1337 1553 in

201 1583 334 1627 populo
359 1583 426 1616 Dei
448 1585 556 1618 sactae
579 1593 668 1624 sunt,
691 1583 866 1617 auditione
888 1582 1100 1627 perterritus:
1126 1591 1158 1615 et
1180 1582 1259 1615 ideo
1285 1581 1337 1615 di—

205 1644 260 1684 cit,
283 1644 310 1677 si
333 1646 422 1678 forte
453 1647 503 1678 vel
537 1659 578 1679 eo
611 1659 717 1691 usque
746 1646 962 1689 praevaleant
985 1643 1241 1677 maledictiones
1265 1642 1335 1676 Ba-

202 1707 310 1745 laam,
341 1716 378 1739 ut
410 1706 542 1752 aliquos
575 1721 612 1741 ex
635 1707 714 1753 ipsis
738 1706 846 1752 possit
867 1715 1064 1751 percutere,
1103 1715 1232 1739 ceteros
1255 1718 1335 1738 vero

202 1768 318 1809 fugare
340 1767 548 1813 perterritos,
572 1779 604 1803 et
628 1770 769 1815 propria
795 1777 881 1807 terra
907 1767 1088 1812 depellere.

291 1830 322 1864 6.
347 1829 452 1863 Addit
476 1840 664 1874 praeterea:
696 1830 796 1875 „quia
811 1831 846 1873 ⁵)
871 1830 952 1870 scio,
975 1829 1096 1874 inquit,
1119 1830 1225 1874 quod,
1250 1842 1335 1874 quos

201 1891 428 1933 benedixeris,
460 1892 632 1925 benedicti
657 1902 773 1932 erunt,
807 1902 838 1925 et
862 1905 948 1937 quos
971 1890 1198 1930 maledixeris,
1229 1891 1335 1923 male-

202 1951 282 1984 dicti
305 1958 435 1986 erunt.“
483 1953 554 1996 Ego
581 1967 652 1987 non
676 1955 790 1993 credo,
818 1953 896 1998 quia
920 1953 1019 1987 sciret
1043 1965 1116 1991 rex,
1141 1952 1235 1996 quod
1259 1951 1334 1996 qui-

298 2108 331 2152 Ι)
358 2107 444 2141 Cod.
471 2109 705 2143 Carnotensis:
736 2110 892 2155 „spiritus
915 2120 1048 2145 sanctus
1071 2112 1114 2144 ab
1139 2124 1180 2144 eo
1206 2109 1333 2144 violen-

202 2164 251 2186 ter
277 2153 490 2187 abstrahitur.
515 2154 608 2197 Magi
632 2159 731 2188 sunt“
754 2165 817 2191 etc.
840 2156 881 2189 R.

292 2210 330 2252 ²)
354 2210 435 2242 Luc.
460 2209 521 2248 XI,
544 2210 596 2243 15.
691 2212 728 2255 ³)
756 2211 835 2244 Luc.
859 2212 920 2254 XI,
945 2212 997 2248 19.

292 2265 329 2309 4)
348 2265 450 2300 Num.
475 2265 587 2306 XXII,
610 2266 641 2300 6.
738 2267 775 2310 ⁵)
800 2267 902 2301 Num.
926 2266 1040 2308 XXII,
1063 2268 1094 2303 6.
