1427 2460
234 36 302 75 208
732 37 911 72 Omenms

234 130 312 177 quia
336 130 449 176 potuit
472 129 595 168 videre,
619 140 705 173 quae
728 127 819 162 vidit.
866 127 961 160 Haec
985 126 1124 172 quidem
1150 128 1192 161 de
1205 127 1255 169 iis,
1280 141 1368 174 quae

233 195 269 227 in
293 192 506 239 praefatione
529 203 588 223 sua
613 189 754 224 Balaam
778 190 815 222 in
837 199 942 223 semet
965 188 1076 235 ipsum
1101 189 1190 224 visus
1213 199 1262 224 est
1284 203 1368 236 pro-

233 256 382 301 phetare.

321 317 352 349 4.
399 315 500 348 Nunc
524 312 593 360 jam
618 313 809 353 videamus,
840 327 927 359 quae
950 324 1043 355 sunt,
1075 327 1162 360 quae
1184 315 1220 349 in
1245 327 1366 348 conse-

233 379 414 424 quentibus
439 375 537 410 dicit:
559 389 682 420 „quam
700 376 734 421 ¹)
757 377 888 416 bonae,
912 376 1040 421 inquit,
1063 378 1187 410 domus
1210 386 1289 410 tuae
1306 376 1367 410 Ja-

233 441 312 481 cob,
344 438 563 472 tabernacula
595 446 653 471 tua
677 437 794 471 Israel!
849 437 897 470 Ut
920 451 1063 471 nemora
1087 437 1298 480 umbrantia,
1327 447 1367 471 ut

232 501 378 548 paradisi
408 513 513 544 super*
540 499 700 539 flumina,
738 509 769 532 et
792 499 878 533 sicut
909 500 1147 541 tabernacula,
1185 513 1271 545 quae
1294 499 1366 533 fixit
1413 532 1415 542 ,

233 563 404 602 dominus,
426 563 511 595 sicut
535 561 628 594 cedri
651 561 739 606 juxta
765 561 906 606 aq‘uasst‘
954 564 1070 595 Bonas
1096 575 1177 606 quas
1198 561 1278 595 dicit
1301 561 1366 594 do·
1414 585 1415 590 ,

233 639 306 659 mus
331 624 458 663 Jacob,
490 636 562 656 non
586 632 688 667 puto,
722 623 817 667 quod
850 623 1023 656 domicilia
1048 636 1168 656 eorum
1194 623 1366 657 collaudet

233 697 381 727 terrena;
412 697 523 729 neque
548 685 638 717 enim
662 685 729 717 tale
757 684 886 729 aliquid
910 686 1011 718 fuisse
1034 686 1127 729 apud
1152 698 1209 719 eos
1232 694 1366 730 praeter
1417 720 1419 725 ,

231 758 344 791 gentes
367 755 492 780 ceteras
520 756 740 779 memoratur.
787 746 856 779 Sed
881 746 1062 788 videamus,
1085 760 1130 780 ne
1152 748 1252 786 sorte,
1276 759 1364 792 quo·

230 811 321 843 niam
357 810 508 854 populus
541 822 603 853 per
640 807 749 840 tribus
781 817 851 841 erat
886 808 1028 849 divisus,
1068 818 1102 842 et
1137 820 1364 854 unaquaeque

230 873 334 905 trihus
357 884 419 915 per
442 871 578 915 plebes,
613 879 644 902 et
668 854 790 902 iterum
822 870 938 913 plebes
971 883 1034 915 per
1058 870 1293 911 cognationes,
1330 878 1363 902 et

229 934 446 976 cognationes
479 945 541 977 per
578 932 698 964 domos
730 931 958 971 familiarum,
1003 940 1036 964 et
1066 945 1201 965 rursum
1239 931 1361 964 domus

228 995 433 1029 familiarum
464 1006 526 1038 per
556 1006 736 1026 numerum
767 993 967 1033 nominum,
1003 1002 1036 1025 et
1064 1006 1126 1038 per
1157 993 1266 1038 capita
1297 1007 1362 1026 nu-

227 1057 464 1089 merabantur:
500 1055 567 1087 hoc
592 1063 640 1087 est
665 1055 792 1094 omnis,
827 1054 885 1098 qui
917 1064 988 1087 erat
1021 1068 1037 1087 a
1064 1054 1178 1096 viginti
1202 1054 1298 1088 annis
1331 1063 1363 1088 et

227 1130 348 1162 supra,
387 1116 572 1158 mascnluS,
611 1115 669 1159 qui
702 1117 890 1159 procedere
925 1116 1051 1160 poterit
1065 1115 1102 1159 ²)
1136 1117 1179 1149 ad
1210 1116 1360 1149 bellum:

226 1179 285 1211 has
310 1179 431 1211 domus
460 1175 601 1209 Balaam
625 1175 660 1208 in
681 1176 799 1221 spiritu
824 1186 988 1211 contuens
1011 1176 1220 1218 magnificet,
1252 1186 1285 1211 et
1308 1189 1364 1211 ex-

228 1240 333 1273 tollat.
381 1239 449 1272 Sed
473 1251 546 1271 non
569 1238 603 1271 in
630 1238 680 1271 his
704 1239 808 1272 solius
832 1239 949 1272 literae
973 1240 1168 1272 contuenda
1199 1239 1363 1273 sententia

229 1309 290 1340 est,
331 1299 494 1344 quoniam
519 1299 676 1344 quidem,
711 1314 797 1345 quae
827 1302 981 1345 loquitur
1011 1300 1171 1340 Balaam,
1205 1302 1361 1334 adsumta

227 1362 390 1407 parabola
421 1374 478 1394 sua
511 1362 675 1406 loquitur.
728 1362 768 1394 In
798 1362 971 1406 parabolis
996 1374 1076 1403 ergo
1102 1371 1133 1395 et
1155 1375 1239 1402 nos,
1265 1363 1361 1407 quod

228 1422 360 1462 dicitur,
385 1423 574 1456 audiamus.
623 1422 659 1455 Si
683 1423 773 1455 enim
799 1423 1040 1468 consideres³)
1070 1423 1250 1456 divisiones
1274 1418 1361 1465 illa-s,

227 1494 259 1517 et
283 1484 418 1517 ordines
442 1484 672 1528 populorum,
715 1486 775 1529 qui
806 1485 843 1517 in
866 1484 1115 1518 resurrectione
1140 1484 1360 1519 habebuntur

225 1546 262 1579 in
285 1546 418 1590 populo
443 1544 512 1578 veri
538 1545 658 1585 Israel,
701 1547 838 1590 quando
873 1545 1105 1590 unusquisque
1145 1555 1294 1589 resurget
1323 1545 1359 1580 In

225 1620 287 1641 suo
313 1606 450 1639 ordine:
485 1606 512 1639 si
542 1616 638 1651 potes
677 1606 801 1640 intueri
833 1607 939 1642 tribus
979 1608 1052 1641 illas
1095 1617 1126 1641 et
1156 1608 1290 1653 plebes,
1328 1617 1362 1642 et

227 1667 464 1710 cognationes,
505 1668 541 1700 in
570 1668 692 1713 quibus
724 1682 796 1702 non
830 1679 898 1702 tam
931 1669 1038 1703 carnis
1064 1679 1095 1703 et
1117 1669 1287 1712 sanguinis
1311 1679 1359 1704 est

225 1728 402 1771 cognatio,
441 1741 543 1774 quam
574 1730 694 1762 mentis
728 1740 758 1762 ct
782 1731 901 1764 animi:
936 1741 1017 1764 tunc
1040 1730 1221 1773 intelliges,
1255 1743 1358 1777 quam

226 1792 339 1823 bonae
362 1800 441 1824 sunt
465 1791 588 1824 domus
612 1791 734 1832 Jacob,
760 1801 792 1825 et
822 1805 924 1837 quam
948 1793 1042 1825 bona
1065 1792 1286 1825 tabernacula
1309 1791 1357 1826 Is·

225 1853 303 1886 rael.
352 1851 458 1895 Quod
482 1852 509 1886 si
534 1862 564 1885 et
588 1853 796 1887 differentias
827 1855 1030 1894 domorum,
1063 1863 1096 1887 et
1118 1853 1358 1902 tabernaculo-

226 1927 303 1947 rum
327 1914 495 1958 requiras,
538 1924 570 1947 et
593 1915 701 1949 Jacob
726 1925 826 1960 atque
849 1915 951 1949 Israel
976 1915 1220 1956 diversitatem,
1255 1914 1356 1950 etiam

226 1977 268 2009 de
291 1977 357 2008 hoc
382 1976 457 2009 talis
481 1976 648 2020 quaedam
675 1977 830 2010 habenda
857 1977 1026 2012 distinctio
1052 1986 1107 2011 est.
1152 1976 1290 2011 Domus
1303 1990 1357 2012 res

225 2045 272 2070 est
293 2037 451 2077 fundata,
483 2050 520 2071 ae
543 2038 688 2078 stabilis,
720 2047 752 2071 et
785 2039 882 2072 certis
905 2038 1055 2073 terminis
1076 2047 1179 2084 septa.
1226 2038 1357 2072 Taber-

320 2151 355 2206 1“)
379 2164 481 2197 Num.
507 2164 636 2205 XXIV,
659 2166 690 2199 5.
716 2166 746 2201 6.
855 2166 890 2211 ²)
916 2166 1004 2200 Edd.
1029 2165 1184 2200 Merlini:
1209 2176 1352 2212 poterat.

319 2219 356 2262 ³)
382 2218 452 2253 Cfr.
477 2219 489 2251 l
517 2218 597 2253 Cor.
621 2221 695 2254 XV.
