1427 2460
334 104 372 128 m
396 94 576 127 Nummos
600 91 761 125 Humum
774 90 933 124 XXVIII.
1086 64 1091 67 χ
1133 93 1201 128 369

157 185 189 217 4.
214 183 283 217 Sed
309 192 340 217 et
362 182 419 217 illa
443 180 666 215 nihilominus
691 180 931 225 consequentia
956 180 1118 226 capienda
1132 193 1196 216 est:

67 245 144 291 quia
167 245 252 279 sicut
275 257 372 285 „cum
387 244 436 288 ¹)¹
456 243 662 287 dispergeret
686 242 781 275 Deus
811 242 899 275 filios
923 243 1052 285 Adam,
1083 244 1197 278 statuit

65 308 148 340 fines
186 306 335 348 gentium
365 306 554 339 secundum
585 316 767 337 numerum
800 305 998 346 angelorum
1023 305 1120 345 Dei,“
1144 306 1195 339 vel

65 388 108 396 ·-
131 377 169 401 ut
191 367 227 400 in
252 367 323 401 aliis
346 366 593 412 exemplaribus
617 365 758 407 legimus
782 385 826 392 —
850 366 1109 412 ‚‚secundum²)
1129 381 1194 400 nu-

62 444 196 464 merum
220 430 371 463 filiorum
396 429 535 462 Israel:“
559 427 594 460 in
619 427 715 460 initio
741 429 860 460 mundi
887 428 930 467 ita
956 429 1095 473 dispersi
1116 439 1195 462 sunt

63 492 126 525 filii
149 491 239 525 illius
255 492 376 531 Adam,
401 491 487 524 sicut
510 490 561 523 vel
585 490 722 522 illorum
748 491 876 526 merita,
900 491 951 523 vel
965 491 1067 535 ipsius
1081 492 1190 524 Adam

63 545 306 598 contemplatio
330 552 540 597 postulabat:
566 550 648 595 quid
667 550 816 583 dicemus
839 551 1001 593 futurum,
1027 567 1103 586 cum
1128 566 1193 586 no-

62 615 233 659 vissimi-⁹⁸)
259 615 380 654 Adam,
404 633 444 639 -
470 612 528 657 qui
551 625 623 644 non
646 612 682 645 in
706 611 853 645 animam
878 612 1052 654 viventem,
1075 616 1134 648 sed
1157 615 1193 648 in

32 677 215 721 ,spiritum
243 675 467 709 vivificantem
512 676 619 707 factus
658 683 714 713 est,
738 695 780 703 —
806 675 958 719 coeperit
994 676 1082 709 filios
1118 690 1190 710 non

60 738 269 783 dispergere,
299 738 355 770 sed
384 736 577 781 dispensare
602 734 713 768 divina
737 733 904 776 dignatio,
927 749 1000 769 non
1023 737 1058 771 in
1082 737 1191 778 initio,

58 801 118 834 sed
141 802 177 833 in
201 800 270 832 fine
292 798 432 832 mundi:
466 806 498 830 et
521 810 593 840 non
617 805 655 828 ut
677 796 764 835 illos,
796 796 854 839 qui
877 796 911 829 in
936 798 1046 831 Adam
1073 812 1192 833 omnes

58 860 187 894 mortui
199 860 236 904 ⁴²)
259 870 346 900 sunt,
370 861 429 893 sed
453 868 490 891 ut
514 871 580 896 eos,
604 857 662 901 qui
686 856 721 889 in
734 856 868 890 Christo
893 871 1012 892 omnes
1036 860 1191 894 vivificati

57 921 160 956 sunt?
183 921 265 955 Sine
289 921 395 954 dubio
422 919 484 953 erit
509 918 675 964 quaedam
693 917 810 952 divisio
835 928 866 952 et
891 919 1082 954 distributio
1106 922 1189 962 talis,

59 996 149 1028 quae
171 995 244 1016 non
267 983 380 1016 solum
404 994 468 1027 pro
494 981 622 1016 meritis
636 994 766 1021 eorum,
791 981 848 1024 qui
863 981 1107 1025 dispensantur,
1129 985 1189 1017 sed

57 1053 90 1078 et
112 1058 178 1089 pro
202 1042 377 1078 novissimi
401 1043 524 1083 Adam,
553 1043 590 1076 in
618 1056 686 1087 quo
713 1055 830 1076 omnes
854 1043 1044 1076 vivificandi
1069 1045 1188 1078 dicun-

59 1098 126 1147 tur,
147 1105 439 1150 contemplatione
462 1105 635 1149 pensanda
658 1104 708 1137 sit.
755 1104 824 1138 Sed
849 1103 921 1148 quis
944 1113 1098 1138 nostrum
1114 1106 1189 1140 talis

55 1177 114 1208 est,
136 1176 173 1200 ut
196 1168 239 1200 ad
263 1165 461 1212 hujusmodi
486 1165 770 1205 distributionem,
796 1175 827 1198 et
851 1166 893 1198 ad
917 1166 1009 1199 illam
1035 1168 1187 1201 coelestis

54 1229 269 1262 haereditatis
291 1237 416 1261 sortem
441 1227 555 1260 venire
578 1221 769 1260 mereatur?
795 1226 880 1270 Quis
902 1227 948 1260 ita
972 1229 1088 1261 beatus
1113 1229 1184 1269 erit,

56 1291 152 1337 cujus
174 1304 246 1325 sors
268 1290 305 1323 in
328 1289 517 1322 Jerusalem
542 1289 670 1328 veniat,
694 1298 732 1321 ut
755 1289 798 1322 sit
825 1289 893 1329 ibi,
925 1289 986 1322 ubi
1019 1292 1184 1335 templum

53 1353 122 1386 Dei
146 1362 208 1393 est,
242 1352 312 1385 imo
337 1360 373 1384 ut
396 1350 468 1396 ipse
497 1349 537 1383 sit
560 1349 626 1382 Dei
656 1349 848 1394 templum?
887 1350 972 1393 Quis
995 1351 1041 1384 ita
1066 1353 1185 1386 beatus

54 1423 118 1454 est,
142 1423 179 1447 ut
201 1413 250 1446 ibi
275 1412 344 1445 dies
368 1413 469 1446 festos
494 1420 584 1453 agat,
620 1410 681 1443 ubi
704 1411 808 1444 altare
840 1411 991 1445 divinum
1015 1415 1186 1457 perpetuis

52 1474 186 1519 ignibus
211 1472 391 1507 adoletur?
415 1473 502 1516 Quis
518 1473 561 1505 ita
578 1473 695 1505 beatus
709 1482 766 1512 est,
789 1473 847 1517 qui
862 1473 1061 1506 sacrificium
1076 1488 1186 1515 suum,

54 1547 87 1572 et
110 1537 284 1571 incensum
309 1534 475 1568 suavitatis
501 1548 603 1579 supra
627 1534 724 1568 illum
750 1534 860 1577 ignem
892 1544 1016 1578 ponat,
1047 1536 1089 1568 de
1115 1549 1183 1580 quo

54 1599 189 1633 dicebat
212 1598 385 1632 Salvator:
411 1596 593 1641 ‚‚ignem⁵)
617 1597 694 1629 veni
718 1596 895 1629 mitterein
907 1597 1076 1631 terram?“
1100 1597 1184 1646 Quis

52 1661 98 1695 ita
122 1662 240 1693 beatus
263 1668 320 1699 est,
345 1657 405 1702 qui
427 1657 475 1690 ihi
498 1670 633 1701 semper
654 1666 729 1699 agat
753 1657 882 1690 Pascha
906 1657 943 1690 in
965 1659 1055 1698 loco,
1081 1671 1181 1703 quem

54 1722 151 1764 elegit
173 1721 347 1754 Dominus
369 1717 474 1753 suus?
500 1718 552 1751 Ibi
567 1718 779 1751 Pentecostes
804 1718 895 1751 diem
921 1728 1020 1760 gerat,
1045 1729 1076 1753 et
1090 1721 1182 1754 sesti-

53 1783 188 1817 vitatem
213 1778 512 1827 repropitiationis,
538 1789 569 1814 et
591 1779 891 1814 tabernaculorum
924 1780 1183 1822 solemnitatem,

52 1858 126 1879 non
149 1843 220 1890 jam
243 1856 306 1889 per
328 1843 504 1883 umbram,
528 1842 587 1874 sed
610 1854 672 1887 per
694 1841 802 1886 ipsam
824 1841 970 1885 speciem
1000 1855 1182 1887 rerumque

53 1904 249 1941 veritatem?
274 1903 360 1949 Quis
372 1913 527 1938 nostrum
543 1903 661 1947 dignus
684 1902 864 1936 habebitur
886 1911 954 1936 tam
980 1904 1098 1937 beatae
1109 1918 1182 1937 sor-

144 2049 180 2093 1)
204 2049 309 2082 Dent.
333 2046 481 2090 ΧΧΧΠ,
503 2049 536 2084 8.

146 2104 184 2149 ²)
206 2105 296 2137 Edd.
312 2104 451 2138 Merlini
466 2117 665 2150 perperam:
690 2106 877 2138 secundum
894 2117 1076 2138 numerum
1090 2104 1179 2138 fitio—

53 2163 130 2183 rum
152 2150 256 2183 lsrael
280 2151 316 2182 in
339 2149 436 2182 initio
460 2151 597 2183 mundi:
622 2150 666 2182 ita
693 2149 832 2194 dispersi
857 2159 916 2182 etc.

145 2204 183 2248 ³)
207 2206 223 2237 I
249 2204 329 2238 Cor.
353 2205 429 2245 XV,
454 2206 506 2239 45.
531 2206 607 2238 coll.
632 2205 753 2239 Genes.
780 2206 819 2245 II,
845 2206 874 2239 7.

146 2259 184 2305 ⁴)
209 2261 223 2292 I
249 2260 330 2294 Cor.
355 2260 432 2300 XV,
455 2262 509 2296 22.
608 2262 644 2304 ⁵)
668 2262 750 2296 Luc.
774 2262 851 2302 ΧΠ,
875 2262 925 2295 494

56 2322 234 2356 Ommzffls
258 2321 396 2356 OPERA.
423 2322 519 2357 Tom.
546 2324 586 2355 X.
880 2324 921 2356 24
