<?xml version="1.0" encoding="UTF-8"?>
<!DOCTYPE html PUBLIC "-//W3C//DTD XHTML 1.0 Transitional//EN"
    "http://www.w3.org/TR/xhtml1/DTD/xhtml1-transitional.dtd">
<html xmlns="http://www.w3.org/1999/xhtml" xml:lang="en" lang="en">
 <head>
  <title>
</title>
<meta http-equiv="Content-Type" content="text/html;charset=utf-8" />
  <meta name='ocr-system' content='tesseract 3.04.00' />
  <meta name='ocr-capabilities' content='ocr_page ocr_carea ocr_par ocr_line ocrx_word'/>
</head>
<body>
  <div class='ocr_page' id='page_1' title='image "./operaomniaquaegr10orig/operaomniaquaegr10orig_0051.png"; bbox 0 0 1427 2460; ppageno 0'>
   <div class='ocr_carea' id='block_1_1' title="bbox 0 61 4 681">
    <p class='ocr_par' dir='ltr' id='par_1_1' title="bbox 0 61 4 681">
     <span class='ocr_line' id='line_1_1' title="bbox 0 61 4 681; baseline 0 0"><span class='ocrx_word' id='word_1_1' title='bbox 0 61 4 681; x_wconf 95' lang='lat' dir='ltr'> </span> 
     </span>
    </p>
   </div>
   <div class='ocr_carea' id='block_1_2' title="bbox 408 62 1227 101">
    <p class='ocr_par' dir='ltr' id='par_1_2' title="bbox 408 62 1227 101">
     <span class='ocr_line' id='line_1_2' title="bbox 408 62 1227 101; baseline 0.001 -1"><span class='ocrx_word' id='word_1_2' title='bbox 408 76 445 100; x_wconf 75' lang='lat' dir='ltr'>m</span> <span class='ocrx_word' id='word_1_3' title='bbox 468 66 647 99; x_wconf 69' lang='lat' dir='ltr'>Nummos</span> <span class='ocrx_word' id='word_1_4' title='bbox 672 62 832 99; x_wconf 73' lang='lat' dir='ltr'>Honmm</span> <span class='ocrx_word' id='word_1_5' title='bbox 854 66 916 100; x_wconf 87' lang='lat'>111.</span> <span class='ocrx_word' id='word_1_6' title='bbox 1182 66 1227 101; x_wconf 84' lang='lat'>29</span> 
     </span>
    </p>
   </div>
   <div class='ocr_carea' id='block_1_3' title="bbox 69 155 1228 1859">
    <p class='ocr_par' dir='ltr' id='par_1_3' title="bbox 69 155 1228 1859">
     <span class='ocr_line' id='line_1_3' title="bbox 98 155 1226 204; baseline 0.001 -13"><span class='ocrx_word' id='word_1_7' title='bbox 98 161 161 198; x_wconf 87' lang='lat' dir='ltr'>lus,</span> <span class='ocrx_word' id='word_1_8' title='bbox 186 157 364 190; x_wconf 83' lang='lat' dir='ltr'><strong>ostendere</strong></span> <span class='ocrx_word' id='word_1_9' title='bbox 388 156 502 190; x_wconf 79' lang='lat' dir='ltr'>volens</span> <span class='ocrx_word' id='word_1_10' title='bbox 527 167 593 189; x_wconf 87' lang='lat' dir='ltr'>esse</span> <span class='ocrx_word' id='word_1_11' title='bbox 619 155 789 199; x_wconf 81' lang='lat' dir='ltr'>quandam</span> <span class='ocrx_word' id='word_1_12' title='bbox 805 165 939 200; x_wconf 83' lang='lat' dir='ltr'>praeter</span> <span class='ocrx_word' id='word_1_13' title='bbox 955 169 1007 190; x_wconf 85' lang='lat' dir='ltr'>eas</span> <span class='ocrx_word' id='word_1_14' title='bbox 1033 157 1131 191; x_wconf 85' lang='lat' dir='ltr'>etiam</span> <span class='ocrx_word' id='word_1_15' title='bbox 1155 159 1226 204; x_wconf 87' lang='lat' dir='ltr'>pri-</span> 
     </span>
     <span class='ocr_line' id='line_1_4' title="bbox 97 216 1227 263; baseline 0 -10"><span class='ocrx_word' id='word_1_16' title='bbox 97 220 292 253; x_wconf 84' lang='lat' dir='ltr'>mitivorum</span> <span class='ocrx_word' id='word_1_17' title='bbox 317 217 503 257; x_wconf 87' lang='lat' dir='ltr'>ecclesiam,</span> <span class='ocrx_word' id='word_1_18' title='bbox 527 217 607 250; x_wconf 83' lang='lat' dir='ltr'>dicit</span> <span class='ocrx_word' id='word_1_19' title='bbox 629 217 673 249; x_wconf 78' lang='lat' dir='ltr'>ad</span> <span class='ocrx_word' id='word_1_20' title='bbox 693 216 868 250; x_wconf 81' lang='lat' dir='ltr'>Hebraeos</span> <span class='ocrx_word' id='word_1_21' title='bbox 892 218 1058 252; x_wconf 82' lang='lat' dir='ltr'>scribens:</span> <span class='ocrx_word' id='word_1_22' title='bbox 1083 233 1177 260; x_wconf 82' lang='lat' dir='ltr'>„non</span> <span class='ocrx_word' id='word_1_23' title='bbox 1192 221 1227 263; x_wconf 87' lang='lat'>¹)</span> 
     </span>
     <span class='ocr_line' id='line_1_5' title="bbox 69 279 1228 323; baseline 0 -9"><span class='ocrx_word' id='word_1_24' title='bbox 69 304 73 306; x_wconf 21' lang='grc' dir='ltr'><strong>ὴ</strong></span> <span class='ocrx_word' id='word_1_25' title='bbox 99 281 187 314; x_wconf 89' lang='lat' dir='ltr'>enim</span> <span class='ocrx_word' id='word_1_26' title='bbox 223 279 398 313; x_wconf 74' lang='lat' dir='ltr'>accessistis</span> <span class='ocrx_word' id='word_1_27' title='bbox 429 280 472 311; x_wconf 88' lang='lat' dir='ltr'>ad</span> <span class='ocrx_word' id='word_1_28' title='bbox 504 279 676 311; x_wconf 78' lang='lat' dir='ltr'>ardentem</span> <span class='ocrx_word' id='word_1_29' title='bbox 710 287 742 310; x_wconf 85' lang='lat' dir='ltr'>et</span> <span class='ocrx_word' id='word_1_30' title='bbox 766 280 976 313; x_wconf 78' lang='lat' dir='ltr'>tractabilem</span> <span class='ocrx_word' id='word_1_31' title='bbox 999 281 1131 323; x_wconf 83' lang='lat' dir='ltr'>ignem,</span> <span class='ocrx_word' id='word_1_32' title='bbox 1167 283 1228 314; x_wconf 84' lang='lat' dir='ltr'>sed</span> 
     </span>
     <span class='ocr_line' id='line_1_6' title="bbox 97 339 1227 382; baseline 0 -6"><span class='ocrx_word' id='word_1_33' title='bbox 97 341 273 376; x_wconf 73' lang='lat' dir='ltr'>accessistis</span> <span class='ocrx_word' id='word_1_34' title='bbox 297 342 339 374; x_wconf 86' lang='lat' dir='ltr'>ad</span> <span class='ocrx_word' id='word_1_35' title='bbox 363 349 514 373; x_wconf 85' lang='lat' dir='ltr'>montem</span> <span class='ocrx_word' id='word_1_36' title='bbox 539 339 633 379; x_wconf 83' lang='lat' dir='ltr'>Sion,</span> <span class='ocrx_word' id='word_1_37' title='bbox 659 348 690 372; x_wconf 90' lang='lat' dir='ltr'>et</span> <span class='ocrx_word' id='word_1_38' title='bbox 712 339 877 373; x_wconf 82' lang='lat' dir='ltr'>civitatem</span> <span class='ocrx_word' id='word_1_39' title='bbox 902 341 969 374; x_wconf 88' lang='lat' dir='ltr'>Dei</span> <span class='ocrx_word' id='word_1_40' title='bbox 992 342 1145 382; x_wconf 85' lang='lat' dir='ltr'>viventis,</span> <span class='ocrx_word' id='word_1_41' title='bbox 1168 342 1227 376; x_wconf 86' lang='lat' dir='ltr'>Je-</span> 
     </span>
     <span class='ocr_line' id='line_1_7' title="bbox 96 400 1228 444; baseline 0.001 -8"><span class='ocrx_word' id='word_1_42' title='bbox 96 404 239 437; x_wconf 84' lang='lat' dir='ltr'>rusalem</span> <span class='ocrx_word' id='word_1_43' title='bbox 265 403 452 442; x_wconf 87' lang='lat' dir='ltr'>coelestem,</span> <span class='ocrx_word' id='word_1_44' title='bbox 475 411 506 434; x_wconf 89' lang='lat' dir='ltr'>et</span> <span class='ocrx_word' id='word_1_45' title='bbox 529 400 780 435; x_wconf 78' lang='lat' dir='ltr'>multitudinem</span> <span class='ocrx_word' id='word_1_46' title='bbox 804 403 1003 444; x_wconf 79' lang='lat' dir='ltr'>angelorum</span> <span class='ocrx_word' id='word_1_47' title='bbox 1028 405 1228 437; x_wconf 72' lang='lat' dir='ltr'>collaudan-</span> 
     </span>
     <span class='ocr_line' id='line_1_8' title="bbox 95 462 1226 508; baseline 0.001 -11"><span class='ocrx_word' id='word_1_48' title='bbox 95 465 197 504; x_wconf 82' lang='lat' dir='ltr'>tium,</span> <span class='ocrx_word' id='word_1_49' title='bbox 233 473 266 496; x_wconf 87' lang='lat' dir='ltr'>et</span> <span class='ocrx_word' id='word_1_50' title='bbox 296 463 468 496; x_wconf 72' lang='lat' dir='ltr'>ecclesiam</span> <span class='ocrx_word' id='word_1_51' title='bbox 504 462 755 507; x_wconf 83' lang='lat' dir='ltr'>primitivorum</span> <span class='ocrx_word' id='word_1_52' title='bbox 790 463 993 508; x_wconf 77' lang='lat' dir='ltr'>adscriptam</span> <span class='ocrx_word' id='word_1_53' title='bbox 1024 464 1057 497; x_wconf 87' lang='lat' dir='ltr'>in</span> <span class='ocrx_word' id='word_1_54' title='bbox 1092 466 1226 499; x_wconf 89' lang='lat' dir='ltr'>coelis.“</span> 
     </span>
     <span class='ocr_line' id='line_1_9' title="bbox 93 525 1227 568; baseline 0.001 -10"><span class='ocrx_word' id='word_1_55' title='bbox 93 525 199 568; x_wconf 78' lang='lat' dir='ltr'><strong>Igitur</strong></span> <span class='ocrx_word' id='word_1_56' title='bbox 228 525 342 558; x_wconf 74' lang='lat' dir='ltr'>B&#39;Ioses</span> <span class='ocrx_word' id='word_1_57' title='bbox 372 537 435 568; x_wconf 89' lang='lat' dir='ltr'>per</span> <span class='ocrx_word' id='word_1_58' title='bbox 471 533 618 568; x_wconf 79' lang='lat' dir='ltr'>quatuor</span> <span class='ocrx_word' id='word_1_59' title='bbox 655 533 760 556; x_wconf 84' lang='lat' dir='ltr'>castra</span> <span class='ocrx_word' id='word_1_60' title='bbox 793 525 964 568; x_wconf 88' lang='lat' dir='ltr'>populum</span> <span class='ocrx_word' id='word_1_61' title='bbox 987 525 1055 557; x_wconf 87' lang='lat' dir='ltr'>Dei</span> <span class='ocrx_word' id='word_1_62' title='bbox 1083 525 1227 559; x_wconf 82' lang='lat' dir='ltr'>divisum</span> 
     </span>
     <span class='ocr_line' id='line_1_10' title="bbox 95 585 1225 629; baseline 0.001 -10"><span class='ocrx_word' id='word_1_63' title='bbox 95 586 253 620; x_wconf 78' lang='lat' dir='ltr'>describit</span> <span class='ocrx_word' id='word_1_64' title='bbox 275 586 311 619; x_wconf 89' lang='lat' dir='ltr'>in</span> <span class='ocrx_word' id='word_1_65' title='bbox 335 587 448 619; x_wconf 87' lang='lat' dir='ltr'>terris:</span> <span class='ocrx_word' id='word_1_66' title='bbox 479 595 510 619; x_wconf 89' lang='lat' dir='ltr'>et</span> <span class='ocrx_word' id='word_1_67' title='bbox 534 585 720 628; x_wconf 83' lang='lat' dir='ltr'>Apostolus</span> <span class='ocrx_word' id='word_1_68' title='bbox 752 595 898 629; x_wconf 87' lang='lat' dir='ltr'>quatuor</span> <span class='ocrx_word' id='word_1_69' title='bbox 931 586 1065 620; x_wconf 81' lang='lat' dir='ltr'>ordines</span> <span class='ocrx_word' id='word_1_70' title='bbox 1088 597 1225 620; x_wconf 83' lang='lat' dir='ltr'>sancto—</span> 
     </span>
     <span class='ocr_line' id='line_1_11' title="bbox 94 645 1226 692; baseline 0 -11"><span class='ocrx_word' id='word_1_71' title='bbox 94 649 222 692; x_wconf 79' lang='lat' dir='ltr'>rum2)</span> <span class='ocrx_word' id='word_1_72' title='bbox 262 646 419 681; x_wconf 77' lang='lat' dir='ltr'>describit</span> <span class='ocrx_word' id='word_1_73' title='bbox 456 646 491 679; x_wconf 89' lang='lat' dir='ltr'>in</span> <span class='ocrx_word' id='word_1_74' title='bbox 526 645 645 685; x_wconf 89' lang='lat' dir='ltr'>coelis,</span> <span class='ocrx_word' id='word_1_75' title='bbox 679 647 723 678; x_wconf 83' lang='lat' dir='ltr'>ad</span> <span class='ocrx_word' id='word_1_76' title='bbox 755 659 902 691; x_wconf 89' lang='lat' dir='ltr'>quorum</span> <span class='ocrx_word' id='word_1_77' title='bbox 926 648 1076 690; x_wconf 86' lang='lat' dir='ltr'>singulos</span> <span class='ocrx_word' id='word_1_78' title='bbox 1099 661 1226 682; x_wconf 89' lang='lat' dir='ltr'>unum-</span> 
     </span>
     <span class='ocr_line' id='line_1_12' title="bbox 96 706 1226 755; baseline 0.001 -13"><span class='ocrx_word' id='word_1_79' title='bbox 96 723 266 755; x_wconf 78' lang='lat' dir='ltr'><strong>quemque</strong></span> <span class='ocrx_word' id='word_1_80' title='bbox 289 713 454 742; x_wconf 66' lang='lat' dir='ltr'>nostrum‘</span> <span class='ocrx_word' id='word_1_81' title='bbox 476 706 558 740; x_wconf 80' lang='lat' dir='ltr'>dicit</span> <span class='ocrx_word' id='word_1_82' title='bbox 589 709 759 742; x_wconf 84' lang='lat' dir='ltr'>accedere.</span> <span class='ocrx_word' id='word_1_83' title='bbox 818 709 897 741; x_wconf 89' lang='lat' dir='ltr'>Non</span> <span class='ocrx_word' id='word_1_84' title='bbox 922 710 1013 743; x_wconf 85' lang='lat' dir='ltr'>enim</span> <span class='ocrx_word' id='word_1_85' title='bbox 1040 723 1158 743; x_wconf 87' lang='lat' dir='ltr'>omnes</span> <span class='ocrx_word' id='word_1_86' title='bbox 1181 711 1226 743; x_wconf 82' lang='lat' dir='ltr'>ad</span> 
     </span>
     <span class='ocr_line' id='line_1_13' title="bbox 95 769 1226 814; baseline 0 -10"><span class='ocrx_word' id='word_1_87' title='bbox 95 784 214 804; x_wconf 88' lang='lat' dir='ltr'>omnes</span> <span class='ocrx_word' id='word_1_88' title='bbox 238 772 412 809; x_wconf 83' lang='lat' dir='ltr'>accedunt,</span> <span class='ocrx_word' id='word_1_89' title='bbox 437 770 496 802; x_wconf 88' lang='lat' dir='ltr'>sed</span> <span class='ocrx_word' id='word_1_90' title='bbox 521 769 600 814; x_wconf 77' lang='lat' dir='ltr'>et3)</span> <span class='ocrx_word' id='word_1_91' title='bbox 624 769 680 803; x_wconf 80' lang='lat' dir='ltr'>alii</span> <span class='ocrx_word' id='word_1_92' title='bbox 704 769 842 814; x_wconf 88' lang='lat' dir='ltr'>quidem</span> <span class='ocrx_word' id='word_1_93' title='bbox 867 771 1033 804; x_wconf 86' lang='lat' dir='ltr'>accedunt</span> <span class='ocrx_word' id='word_1_94' title='bbox 1057 772 1099 804; x_wconf 85' lang='lat' dir='ltr'>ad</span> <span class='ocrx_word' id='word_1_95' title='bbox 1123 785 1226 804; x_wconf 91' lang='lat' dir='ltr'>mon·-</span> 
     </span>
     <span class='ocr_line' id='line_1_14' title="bbox 92 831 1225 876; baseline -0.001 -11"><span class='ocrx_word' id='word_1_96' title='bbox 92 842 162 866; x_wconf 80' lang='lat' dir='ltr'>tem</span> <span class='ocrx_word' id='word_1_97' title='bbox 186 832 282 871; x_wconf 84' lang='lat' dir='ltr'>Sion,</span> <span class='ocrx_word' id='word_1_98' title='bbox 306 832 431 865; x_wconf 87' lang='lat' dir='ltr'>horum</span> <span class='ocrx_word' id='word_1_99' title='bbox 457 840 569 864; x_wconf 85' lang='lat' dir='ltr'>autem</span> <span class='ocrx_word' id='word_1_100' title='bbox 599 831 704 876; x_wconf 84' lang='lat' dir='ltr'>paulo</span> <span class='ocrx_word' id='word_1_101' title='bbox 729 833 887 865; x_wconf 84' lang='lat' dir='ltr'>meliores</span> <span class='ocrx_word' id='word_1_102' title='bbox 919 833 1086 866; x_wconf 86' lang='lat' dir='ltr'>accedunt</span> <span class='ocrx_word' id='word_1_103' title='bbox 1109 834 1152 866; x_wconf 81' lang='lat' dir='ltr'>ad</span> <span class='ocrx_word' id='word_1_104' title='bbox 1177 832 1225 865; x_wconf 86' lang='lat' dir='ltr'>ci-</span> 
     </span>
     <span class='ocr_line' id='line_1_15' title="bbox 92 892 1226 938; baseline 0.002 -12"><span class='ocrx_word' id='word_1_105' title='bbox 92 893 227 927; x_wconf 87' lang='lat' dir='ltr'>vitatem</span> <span class='ocrx_word' id='word_1_106' title='bbox 251 894 318 926; x_wconf 88' lang='lat' dir='ltr'>Dei</span> <span class='ocrx_word' id='word_1_107' title='bbox 341 892 497 933; x_wconf 86' lang='lat' dir='ltr'>viventis,</span> <span class='ocrx_word' id='word_1_108' title='bbox 528 893 716 926; x_wconf 81' lang='lat' dir='ltr'>Jerusalem</span> <span class='ocrx_word' id='word_1_109' title='bbox 741 894 939 927; x_wconf 84' lang='lat' dir='ltr'>coelestem:</span> <span class='ocrx_word' id='word_1_110' title='bbox 974 893 1033 938; x_wconf 85' lang='lat' dir='ltr'>qui</span> <span class='ocrx_word' id='word_1_111' title='bbox 1056 903 1168 927; x_wconf 90' lang='lat' dir='ltr'>autem</span> <span class='ocrx_word' id='word_1_112' title='bbox 1193 904 1226 928; x_wconf 78' lang='lat' dir='ltr'>et</span> 
     </span>
     <span class='ocr_line' id='line_1_16' title="bbox 93 954 1227 998; baseline 0 -10"><span class='ocrx_word' id='word_1_113' title='bbox 93 954 131 988; x_wconf 83' lang='lat' dir='ltr'>iis</span> <span class='ocrx_word' id='word_1_114' title='bbox 156 954 393 988; x_wconf 80' lang='lat' dir='ltr'>eminentiores</span> <span class='ocrx_word' id='word_1_115' title='bbox 415 964 514 994; x_wconf 89' lang='lat' dir='ltr'>sunt,</span> <span class='ocrx_word' id='word_1_116' title='bbox 545 956 710 988; x_wconf 81' lang='lat' dir='ltr'>accedunt</span> <span class='ocrx_word' id='word_1_117' title='bbox 743 956 787 988; x_wconf 87' lang='lat' dir='ltr'>ad</span> <span class='ocrx_word' id='word_1_118' title='bbox 810 955 1064 989; x_wconf 86' lang='lat' dir='ltr'>multitudinem</span> <span class='ocrx_word' id='word_1_119' title='bbox 1088 957 1227 998; x_wconf 83' lang='lat' dir='ltr'>angelo-</span> 
     </span>
     <span class='ocr_line' id='line_1_17' title="bbox 92 1015 1226 1061; baseline 0.002 -13"><span class='ocrx_word' id='word_1_120' title='bbox 92 1031 169 1049; x_wconf 81' lang='lat' dir='ltr'>rum</span> <span class='ocrx_word' id='word_1_121' title='bbox 195 1016 482 1049; x_wconf 82' lang='lat' dir='ltr'>collaudantium:</span> <span class='ocrx_word' id='word_1_122' title='bbox 519 1015 577 1060; x_wconf 85' lang='lat' dir='ltr'>qui</span> <span class='ocrx_word' id='word_1_123' title='bbox 609 1026 721 1049; x_wconf 83' lang='lat' dir='ltr'>autem</span> <span class='ocrx_word' id='word_1_124' title='bbox 752 1030 855 1061; x_wconf 90' lang='lat' dir='ltr'>super</span> <span class='ocrx_word' id='word_1_125' title='bbox 884 1017 964 1050; x_wconf 88' lang='lat' dir='ltr'>istos</span> <span class='ocrx_word' id='word_1_126' title='bbox 997 1031 1115 1050; x_wconf 89' lang='lat' dir='ltr'>omnes</span> <span class='ocrx_word' id='word_1_127' title='bbox 1138 1028 1226 1058; x_wconf 88' lang='lat' dir='ltr'>sunt,</span> 
     </span>
     <span class='ocr_line' id='line_1_18' title="bbox 94 1077 1223 1123; baseline 0.001 -13"><span class='ocrx_word' id='word_1_128' title='bbox 94 1079 260 1111; x_wconf 83' lang='lat' dir='ltr'>accedunt</span> <span class='ocrx_word' id='word_1_129' title='bbox 284 1079 326 1111; x_wconf 91' lang='lat' dir='ltr'>ad</span> <span class='ocrx_word' id='word_1_130' title='bbox 351 1077 524 1111; x_wconf 87' lang='lat' dir='ltr'>ecclesiam</span> <span class='ocrx_word' id='word_1_131' title='bbox 549 1077 796 1122; x_wconf 83' lang='lat' dir='ltr'>primitivorum</span> <span class='ocrx_word' id='word_1_132' title='bbox 823 1078 1026 1123; x_wconf 86' lang='lat' dir='ltr'>adscriptam</span> <span class='ocrx_word' id='word_1_133' title='bbox 1049 1079 1086 1112; x_wconf 85' lang='lat' dir='ltr'>in</span> <span class='ocrx_word' id='word_1_134' title='bbox 1110 1079 1223 1113; x_wconf 88' lang='lat' dir='ltr'>coelis.</span> 
     </span>
     <span class='ocr_line' id='line_1_19' title="bbox 94 1139 1226 1184; baseline 0.002 -13"><span class='ocrx_word' id='word_1_135' title='bbox 94 1139 131 1172; x_wconf 90' lang='lat' dir='ltr'>Si</span> <span class='ocrx_word' id='word_1_136' title='bbox 156 1153 234 1181; x_wconf 83' lang='lat' dir='ltr'>ergo</span> <span class='ocrx_word' id='word_1_137' title='bbox 260 1153 296 1172; x_wconf 82' lang='lat' dir='ltr'>ex</span> <span class='ocrx_word' id='word_1_138' title='bbox 321 1139 358 1173; x_wconf 84' lang='lat' dir='ltr'>iis</span> <span class='ocrx_word' id='word_1_139' title='bbox 383 1139 587 1179; x_wconf 81' lang='lat' dir='ltr'>intellexisti,</span> <span class='ocrx_word' id='word_1_140' title='bbox 621 1140 693 1184; x_wconf 88' lang='lat' dir='ltr'>quis</span> <span class='ocrx_word' id='word_1_141' title='bbox 717 1139 757 1173; x_wconf 89' lang='lat' dir='ltr'>sit</span> <span class='ocrx_word' id='word_1_142' title='bbox 782 1142 869 1174; x_wconf 88' lang='lat' dir='ltr'>ordo</span> <span class='ocrx_word' id='word_1_143' title='bbox 894 1139 1164 1184; x_wconf 85' lang='lat' dir='ltr'>primitivorum,</span> <span class='ocrx_word' id='word_1_144' title='bbox 1194 1150 1226 1174; x_wconf 88' lang='lat' dir='ltr'>et</span> 
     </span>
     <span class='ocr_line' id='line_1_20' title="bbox 93 1199 1225 1245; baseline 0.003 -13"><span class='ocrx_word' id='word_1_145' title='bbox 93 1201 189 1244; x_wconf 87' lang='lat' dir='ltr'>quod</span> <span class='ocrx_word' id='word_1_146' title='bbox 211 1200 253 1233; x_wconf 88' lang='lat' dir='ltr'>sit</span> <span class='ocrx_word' id='word_1_147' title='bbox 276 1200 424 1233; x_wconf 87' lang='lat' dir='ltr'>nominis</span> <span class='ocrx_word' id='word_1_148' title='bbox 448 1199 538 1233; x_wconf 88' lang='lat' dir='ltr'>istius</span> <span class='ocrx_word' id='word_1_149' title='bbox 555 1211 814 1245; x_wconf 84' lang='lat' dir='ltr'>sacramentum,</span> <span class='ocrx_word' id='word_1_150' title='bbox 839 1214 1006 1245; x_wconf 86' lang='lat' dir='ltr'>praepara</span> <span class='ocrx_word' id='word_1_151' title='bbox 1028 1211 1070 1242; x_wconf 83' lang='lat' dir='ltr'>te,</span> <span class='ocrx_word' id='word_1_152' title='bbox 1097 1211 1128 1235; x_wconf 91' lang='lat' dir='ltr'>et</span> <span class='ocrx_word' id='word_1_153' title='bbox 1152 1202 1225 1234; x_wconf 89' lang='lat' dir='ltr'>eni-</span> 
     </span>
     <span class='ocr_line' id='line_1_21' title="bbox 91 1261 1225 1306; baseline 0.001 -12"><span class='ocrx_word' id='word_1_154' title='bbox 91 1271 162 1294; x_wconf 75' lang='lat' dir='ltr'>tere</span> <span class='ocrx_word' id='word_1_155' title='bbox 189 1271 353 1306; x_wconf 84' lang='lat' dir='ltr'>quantum</span> <span class='ocrx_word' id='word_1_156' title='bbox 377 1262 482 1301; x_wconf 82' lang='lat' dir='ltr'>vales,</span> <span class='ocrx_word' id='word_1_157' title='bbox 504 1261 530 1294; x_wconf 87' lang='lat' dir='ltr'>si</span> <span class='ocrx_word' id='word_1_158' title='bbox 554 1263 643 1295; x_wconf 82' lang='lat' dir='ltr'>sorte</span> <span class='ocrx_word' id='word_1_159' title='bbox 667 1262 813 1302; x_wconf 86' lang='lat' dir='ltr'>actibus,</span> <span class='ocrx_word' id='word_1_160' title='bbox 837 1261 920 1302; x_wconf 85' lang='lat' dir='ltr'>vita,</span> <span class='ocrx_word' id='word_1_161' title='bbox 951 1263 1123 1303; x_wconf 82' lang='lat' dir='ltr'>moribus,</span> <span class='ocrx_word' id='word_1_162' title='bbox 1147 1264 1225 1302; x_wconf 83' lang='lat' dir='ltr'>fide,</span> 
     </span>
     <span class='ocr_line' id='line_1_22' title="bbox 91 1323 1223 1368; baseline 0.001 -13"><span class='ocrx_word' id='word_1_163' title='bbox 91 1323 313 1367; x_wconf 75' lang='lat' dir='ltr'>institutisque</span> <span class='ocrx_word' id='word_1_164' title='bbox 336 1323 505 1368; x_wconf 82' lang='lat' dir='ltr'>proficias,</span> <span class='ocrx_word' id='word_1_165' title='bbox 530 1332 567 1355; x_wconf 88' lang='lat' dir='ltr'>ut</span> <span class='ocrx_word' id='word_1_166' title='bbox 588 1323 693 1367; x_wconf 79' lang='lat' dir='ltr'>possis</span> <span class='ocrx_word' id='word_1_167' title='bbox 708 1325 869 1356; x_wconf 81' lang='lat' dir='ltr'>accedere</span> <span class='ocrx_word' id='word_1_168' title='bbox 889 1324 930 1355; x_wconf 89' lang='lat' dir='ltr'>ad</span> <span class='ocrx_word' id='word_1_169' title='bbox 956 1324 1129 1356; x_wconf 80' lang='lat' dir='ltr'>ecclesiam</span> <span class='ocrx_word' id='word_1_170' title='bbox 1152 1323 1223 1368; x_wconf 84' lang='lat' dir='ltr'>pri-</span> 
     </span>
     <span class='ocr_line' id='line_1_23' title="bbox 76 1383 1225 1429; baseline 0 -12"><span class='ocrx_word' id='word_1_171' title='bbox 76 1384 304 1424; x_wconf 52' lang='lat' dir='ltr'>&#39;mitit-orum,</span> <span class='ocrx_word' id='word_1_172' title='bbox 338 1397 425 1429; x_wconf 89' lang='lat' dir='ltr'>quae</span> <span class='ocrx_word' id='word_1_173' title='bbox 461 1383 626 1428; x_wconf 79' lang='lat' dir='ltr'>adscripta</span> <span class='ocrx_word' id='word_1_174' title='bbox 661 1394 707 1418; x_wconf 81' lang='lat' dir='ltr'>est</span> <span class='ocrx_word' id='word_1_175' title='bbox 735 1385 771 1417; x_wconf 86' lang='lat' dir='ltr'>iu</span> <span class='ocrx_word' id='word_1_176' title='bbox 799 1384 910 1417; x_wconf 80' lang='lat' dir='ltr'>coelis.</span> <span class='ocrx_word' id='word_1_177' title='bbox 972 1384 1080 1428; x_wconf 81' lang='lat' dir='ltr'>Quod</span> <span class='ocrx_word' id='word_1_178' title='bbox 1102 1386 1129 1419; x_wconf 91' lang='lat' dir='ltr'>si</span> <span class='ocrx_word' id='word_1_179' title='bbox 1152 1398 1225 1418; x_wconf 84' lang='lat' dir='ltr'>non.</span> 
     </span>
     <span class='ocr_line' id='line_1_24' title="bbox 90 1445 1224 1489; baseline 0.001 -10"><span class='ocrx_word' id='word_1_180' title='bbox 90 1456 221 1479; x_wconf 81' lang='lat' dir='ltr'>tantum</span> <span class='ocrx_word' id='word_1_181' title='bbox 243 1447 341 1485; x_wconf 80' lang='lat' dir='ltr'>vales,</span> <span class='ocrx_word' id='word_1_182' title='bbox 364 1446 423 1478; x_wconf 80' lang='lat' dir='ltr'>sed</span> <span class='ocrx_word' id='word_1_183' title='bbox 448 1458 479 1478; x_wconf 85' lang='lat' dir='ltr'>es</span> <span class='ocrx_word' id='word_1_184' title='bbox 503 1446 606 1489; x_wconf 85' lang='lat' dir='ltr'>paulo</span> <span class='ocrx_word' id='word_1_185' title='bbox 631 1445 793 1486; x_wconf 87' lang='lat' dir='ltr'>inferior,</span> <span class='ocrx_word' id='word_1_186' title='bbox 819 1446 941 1479; x_wconf 84' lang='lat' dir='ltr'>accede</span> <span class='ocrx_word' id='word_1_187' title='bbox 966 1448 1010 1479; x_wconf 86' lang='lat' dir='ltr'>ad</span> <span class='ocrx_word' id='word_1_188' title='bbox 1032 1446 1224 1480; x_wconf 83' lang='lat' dir='ltr'>multitudi-</span> 
     </span>
     <span class='ocr_line' id='line_1_25' title="bbox 88 1506 1224 1551; baseline 0.001 -10"><span class='ocrx_word' id='word_1_189' title='bbox 88 1522 168 1541; x_wconf 84' lang='lat' dir='ltr'>nem</span> <span class='ocrx_word' id='word_1_190' title='bbox 193 1508 391 1550; x_wconf 84' lang='lat' dir='ltr'>angelorum</span> <span class='ocrx_word' id='word_1_191' title='bbox 425 1506 702 1541; x_wconf 81' lang='lat' dir='ltr'>collaudantium.</span> <span class='ocrx_word' id='word_1_192' title='bbox 761 1508 868 1551; x_wconf 85' lang='lat' dir='ltr'>Quod</span> <span class='ocrx_word' id='word_1_193' title='bbox 898 1509 926 1542; x_wconf 88' lang='lat' dir='ltr'>si</span> <span class='ocrx_word' id='word_1_194' title='bbox 954 1521 1017 1541; x_wconf 87' lang='lat' dir='ltr'>nce</span> <span class='ocrx_word' id='word_1_195' title='bbox 1049 1510 1091 1542; x_wconf 86' lang='lat' dir='ltr'>ad</span> <span class='ocrx_word' id='word_1_196' title='bbox 1124 1509 1224 1542; x_wconf 90' lang='lat' dir='ltr'>istum</span> 
     </span>
     <span class='ocr_line' id='line_1_26' title="bbox 91 1568 1224 1614; baseline 0.001 -12"><span class='ocrx_word' id='word_1_197' title='bbox 91 1569 248 1603; x_wconf 89' lang='lat' dir='ltr'>ordinem</span> <span class='ocrx_word' id='word_1_198' title='bbox 272 1579 368 1614; x_wconf 77' lang='lat' dir='ltr'>potes</span> <span class='ocrx_word' id='word_1_199' title='bbox 392 1570 607 1608; x_wconf 81' lang='lat' dir='ltr'>adscendere,</span> <span class='ocrx_word' id='word_1_200' title='bbox 634 1570 676 1602; x_wconf 90' lang='lat' dir='ltr'>ad</span> <span class='ocrx_word' id='word_1_201' title='bbox 702 1568 869 1602; x_wconf 83' lang='lat' dir='ltr'>civitatem</span> <span class='ocrx_word' id='word_1_202' title='bbox 892 1570 1011 1603; x_wconf 80' lang='lat' dir='ltr'>saltem</span> <span class='ocrx_word' id='word_1_203' title='bbox 1027 1570 1095 1603; x_wconf 88' lang='lat' dir='ltr'>Dei</span> <span class='ocrx_word' id='word_1_204' title='bbox 1110 1570 1224 1603; x_wconf 82' lang='lat' dir='ltr'>viven-</span> 
     </span>
     <span class='ocr_line' id='line_1_27' title="bbox 89 1631 1221 1675; baseline 0 -11"><span class='ocrx_word' id='word_1_205' title='bbox 89 1631 149 1671; x_wconf 84' lang='lat' dir='ltr'>tis,</span> <span class='ocrx_word' id='word_1_206' title='bbox 178 1631 368 1664; x_wconf 88' lang='lat' dir='ltr'>Jerusalem</span> <span class='ocrx_word' id='word_1_207' title='bbox 397 1631 577 1664; x_wconf 82' lang='lat' dir='ltr'>coelestem</span> <span class='ocrx_word' id='word_1_208' title='bbox 611 1643 798 1675; x_wconf 87' lang='lat' dir='ltr'>properare</span> <span class='ocrx_word' id='word_1_209' title='bbox 831 1632 1009 1665; x_wconf 89' lang='lat' dir='ltr'>contende.</span> <span class='ocrx_word' id='word_1_210' title='bbox 1076 1631 1113 1665; x_wconf 86' lang='lat' dir='ltr'>Si</span> <span class='ocrx_word' id='word_1_211' title='bbox 1141 1645 1221 1664; x_wconf 88' lang='lat' dir='ltr'>vero</span> 
     </span>
     <span class='ocr_line' id='line_1_28' title="bbox 89 1692 1224 1737; baseline 0.001 -12"><span class='ocrx_word' id='word_1_212' title='bbox 89 1705 155 1726; x_wconf 88' lang='lat' dir='ltr'>nec</span> <span class='ocrx_word' id='word_1_213' title='bbox 177 1694 221 1726; x_wconf 88' lang='lat' dir='ltr'>ad</span> <span class='ocrx_word' id='word_1_214' title='bbox 244 1692 311 1726; x_wconf 89' lang='lat' dir='ltr'>hoc</span> <span class='ocrx_word' id='word_1_215' title='bbox 339 1702 435 1737; x_wconf 81' lang='lat' dir='ltr'>aptus</span> <span class='ocrx_word' id='word_1_216' title='bbox 461 1705 510 1731; x_wconf 89' lang='lat' dir='ltr'>es,</span> <span class='ocrx_word' id='word_1_217' title='bbox 541 1692 659 1725; x_wconf 85' lang='lat' dir='ltr'>saltem</span> <span class='ocrx_word' id='word_1_218' title='bbox 689 1694 732 1726; x_wconf 90' lang='lat' dir='ltr'>ad</span> <span class='ocrx_word' id='word_1_219' title='bbox 756 1702 910 1725; x_wconf 83' lang='lat' dir='ltr'>montem</span> <span class='ocrx_word' id='word_1_220' title='bbox 935 1694 1103 1726; x_wconf 86' lang='lat' dir='ltr'>contende</span> <span class='ocrx_word' id='word_1_221' title='bbox 1127 1694 1224 1734; x_wconf 83' lang='lat' dir='ltr'>Sion,</span> 
     </span>
     <span class='ocr_line' id='line_1_29' title="bbox 91 1752 1224 1799; baseline 0.003 -14"><span class='ocrx_word' id='word_1_222' title='bbox 91 1763 129 1786; x_wconf 89' lang='lat' dir='ltr'>ut</span> <span class='ocrx_word' id='word_1_223' title='bbox 149 1753 186 1786; x_wconf 85' lang='lat' dir='ltr'>in</span> <span class='ocrx_word' id='word_1_224' title='bbox 208 1763 325 1787; x_wconf 85' lang='lat' dir='ltr'>monte</span> <span class='ocrx_word' id='word_1_225' title='bbox 348 1753 491 1787; x_wconf 79' lang='lat' dir='ltr'>salveris.</span> <span class='ocrx_word' id='word_1_226' title='bbox 539 1752 689 1786; x_wconf 76' lang='lat' dir='ltr'>Tantum</span> <span class='ocrx_word' id='word_1_227' title='bbox 699 1753 736 1799; x_wconf 78' lang='lat'>4)</span> <span class='ocrx_word' id='word_1_228' title='bbox 759 1768 804 1788; x_wconf 86' lang='lat' dir='ltr'>ne</span> <span class='ocrx_word' id='word_1_229' title='bbox 825 1755 861 1787; x_wconf 86' lang='lat' dir='ltr'>in</span> <span class='ocrx_word' id='word_1_230' title='bbox 888 1764 976 1787; x_wconf 83' lang='lat' dir='ltr'>terra</span> <span class='ocrx_word' id='word_1_231' title='bbox 1001 1755 1156 1794; x_wconf 81' lang='lat' dir='ltr'>resideas,</span> <span class='ocrx_word' id='word_1_232' title='bbox 1179 1768 1224 1788; x_wconf 82' lang='lat' dir='ltr'>ne</span> 
     </span>
     <span class='ocr_line' id='line_1_30' title="bbox 89 1815 1223 1859; baseline 0 -11"><span class='ocrx_word' id='word_1_233' title='bbox 89 1816 126 1848; x_wconf 86' lang='lat' dir='ltr'>in</span> <span class='ocrx_word' id='word_1_234' title='bbox 149 1815 291 1849; x_wconf 81' lang='lat' dir='ltr'>vallibus</span> <span class='ocrx_word' id='word_1_235' title='bbox 314 1829 467 1856; x_wconf 77' lang='lat' dir='ltr'>maneas,</span> <span class='ocrx_word' id='word_1_236' title='bbox 497 1827 540 1847; x_wconf 87' lang='lat' dir='ltr'>ue</span> <span class='ocrx_word' id='word_1_237' title='bbox 565 1815 601 1847; x_wconf 89' lang='lat' dir='ltr'>in</span> <span class='ocrx_word' id='word_1_238' title='bbox 626 1815 785 1848; x_wconf 87' lang='lat' dir='ltr'>demersis</span> <span class='ocrx_word' id='word_1_239' title='bbox 811 1824 842 1848; x_wconf 87' lang='lat' dir='ltr'>et</span> <span class='ocrx_word' id='word_1_240' title='bbox 864 1815 1049 1848; x_wconf 87' lang='lat' dir='ltr'>humilibus</span> <span class='ocrx_word' id='word_1_241' title='bbox 1070 1829 1223 1859; x_wconf 82' lang='lat' dir='ltr'>perseve-</span> 
     </span>
    </p>
   </div>
   <div class='ocr_carea' id='block_1_4' title="bbox 90 1875 1222 1921">
    <p class='ocr_par' dir='ltr' id='par_1_4' title="bbox 90 1875 1222 1921">
     <span class='ocr_line' id='line_1_31' title="bbox 90 1875 1222 1921; baseline -0.001 -10"><span class='ocrx_word' id='word_1_242' title='bbox 90 1891 153 1911; x_wconf 87' lang='lat' dir='ltr'>res.</span> <span class='ocrx_word' id='word_1_243' title='bbox 199 1876 287 1910; x_wconf 80' lang='lat' dir='ltr'>Mihi</span> <span class='ocrx_word' id='word_1_244' title='bbox 309 1877 353 1909; x_wconf 84' lang='lat' dir='ltr'>ita</span> <span class='ocrx_word' id='word_1_245' title='bbox 376 1877 632 1917; x_wconf 86' lang='lat' dir='ltr'>intelligendum</span> <span class='ocrx_word' id='word_1_246' title='bbox 667 1876 800 1909; x_wconf 80' lang='lat' dir='ltr'>videtur</span> <span class='ocrx_word' id='word_1_247' title='bbox 831 1875 954 1910; x_wconf 86' lang='lat' dir='ltr'>assumi</span> <span class='ocrx_word' id='word_1_248' title='bbox 978 1877 1222 1921; x_wconf 80' lang='lat' dir='ltr'>primogenitos</span> 
     </span>
    </p>
   </div>
   <div class='ocr_carea' id='block_1_5' title="bbox 92 2033 1220 2180">
    <p class='ocr_par' dir='ltr' id='par_1_5' title="bbox 92 2033 1220 2180">
     <span class='ocr_line' id='line_1_32' title="bbox 188 2033 686 2079; baseline 0.002 -13"><span class='ocrx_word' id='word_1_249' title='bbox 188 2035 221 2079; x_wconf 81' lang='lat'>¹)</span> <span class='ocrx_word' id='word_1_250' title='bbox 245 2034 350 2070; x_wconf 72' lang='lat' dir='ltr'>Hebr,</span> <span class='ocrx_word' id='word_1_251' title='bbox 377 2033 454 2073; x_wconf 85' lang='lat' dir='ltr'>Xll,</span> <span class='ocrx_word' id='word_1_252' title='bbox 478 2033 529 2068; x_wconf 80' lang='grc'>18.</span> <span class='ocrx_word' id='word_1_253' title='bbox 553 2034 608 2067; x_wconf 80' lang='lat'>22.</span> <span class='ocrx_word' id='word_1_254' title='bbox 632 2033 686 2068; x_wconf 80' lang='lat'>23.</span> 
     </span>
     <span class='ocr_line' id='line_1_33' title="bbox 185 2087 1220 2135; baseline -0.005 -11"><span class='ocrx_word' id='word_1_255' title='bbox 185 2092 223 2135; x_wconf 74' lang='lat'>²)</span> <span class='ocrx_word' id='word_1_256' title='bbox 247 2091 358 2124; x_wconf 83' lang='lat' dir='ltr'>Codd.</span> <span class='ocrx_word' id='word_1_257' title='bbox 372 2090 592 2129; x_wconf 85' lang='lat' dir='ltr'>Turonensis,</span> <span class='ocrx_word' id='word_1_258' title='bbox 609 2089 818 2122; x_wconf 84' lang='lat' dir='ltr'>Belvacensis</span> <span class='ocrx_word' id='word_1_259' title='bbox 833 2098 864 2122; x_wconf 87' lang='lat' dir='ltr'>et</span> <span class='ocrx_word' id='word_1_260' title='bbox 877 2090 981 2123; x_wconf 83' lang='lat' dir='ltr'>sancti</span> <span class='ocrx_word' id='word_1_261' title='bbox 992 2087 1220 2122; x_wconf 77' lang='lat' dir='ltr'>Theodorici:</span> 
     </span>
     <span class='ocr_line' id='line_1_34' title="bbox 92 2133 1196 2180; baseline -0.005 -9"><span class='ocrx_word' id='word_1_262' title='bbox 92 2140 340 2179; x_wconf 74' lang='lat' dir='ltr'>‚,sanctor111n.⁴‘</span> <span class='ocrx_word' id='word_1_263' title='bbox 385 2136 479 2168; x_wconf 87' lang='lat' dir='ltr'>Libri</span> <span class='ocrx_word' id='word_1_264' title='bbox 503 2136 582 2169; x_wconf 83' lang='lat' dir='ltr'>editi</span> <span class='ocrx_word' id='word_1_265' title='bbox 606 2136 653 2180; x_wconf 80' lang='lat' dir='ltr'>(v,</span> <span class='ocrx_word' id='word_1_266' title='bbox 681 2148 707 2168; x_wconf 87' lang='lat' dir='ltr'>c.</span> <span class='ocrx_word' id='word_1_267' title='bbox 733 2135 810 2170; x_wconf 83' lang='lat' dir='ltr'>edd.</span> <span class='ocrx_word' id='word_1_268' title='bbox 836 2135 922 2178; x_wconf 83' lang='lat' dir='ltr'>M.):</span> <span class='ocrx_word' id='word_1_269' title='bbox 947 2138 1133 2176; x_wconf 84' lang='lat' dir='ltr'>‚,sanctos.“</span> <span class='ocrx_word' id='word_1_270' title='bbox 1156 2133 1196 2165; x_wconf 82' lang='lat' dir='ltr'>R.</span> 
     </span>
    </p>
   </div>
   <div class='ocr_carea' id='block_1_6' title="bbox 184 2191 926 2293">
    <p class='ocr_par' dir='ltr' id='par_1_6' title="bbox 184 2191 926 2293">
     <span class='ocr_line' id='line_1_35' title="bbox 184 2191 681 2237; baseline -0.002 -12"><span class='ocrx_word' id='word_1_271' title='bbox 184 2194 222 2237; x_wconf 82' lang='lat'>³)</span> <span class='ocrx_word' id='word_1_272' title='bbox 245 2193 349 2225; x_wconf 84' lang='lat' dir='ltr'>Deest</span> <span class='ocrx_word' id='word_1_273' title='bbox 371 2195 446 2232; x_wconf 84' lang='lat' dir='ltr'>‚‚et“</span> <span class='ocrx_word' id='word_1_274' title='bbox 469 2192 502 2224; x_wconf 89' lang='lat' dir='ltr'>in</span> <span class='ocrx_word' id='word_1_275' title='bbox 530 2193 605 2225; x_wconf 88' lang='lat' dir='ltr'>edd.</span> <span class='ocrx_word' id='word_1_276' title='bbox 632 2191 681 2224; x_wconf 77' lang='lat' dir='ltr'>M.</span> 
     </span>
     <span class='ocr_line' id='line_1_36' title="bbox 187 2247 926 2293; baseline -0.001 -12"><span class='ocrx_word' id='word_1_277' title='bbox 187 2249 224 2293; x_wconf 77' lang='lat'>⁴)</span> <span class='ocrx_word' id='word_1_278' title='bbox 250 2249 337 2283; x_wconf 86' lang='lat' dir='ltr'>Edd.</span> <span class='ocrx_word' id='word_1_279' title='bbox 363 2247 516 2282; x_wconf 78' lang='lat' dir='ltr'>Merlini:</span> <span class='ocrx_word' id='word_1_280' title='bbox 541 2248 691 2282; x_wconf 81' lang='lat' dir='ltr'>Tantum</span> <span class='ocrx_word' id='word_1_281' title='bbox 716 2257 774 2290; x_wconf 85' lang='lat' dir='ltr'>est,</span> <span class='ocrx_word' id='word_1_282' title='bbox 798 2261 840 2282; x_wconf 89' lang='lat' dir='ltr'>ue</span> <span class='ocrx_word' id='word_1_283' title='bbox 866 2256 926 2282; x_wconf 69' lang='lat' dir='ltr'>etc.</span> 
     </span>
    </p>
   </div>
  </div>
 </body>
</html>
