1427 2460
379 106 417 131 m
439 96 620 130 vamnos
651 93 812 129 HOMILIA
831 94 888 128 IV.
1158 97 1205 133 35

65 199 120 219 sus
150 185 339 220 Israeliticis
375 194 523 230 quatuor
558 184 736 219 ordinibus
767 193 974 226 castrorum,
1016 194 1199 231 quaternos

65 247 174 293 adjice
188 248 396 290 Levitarum3
421 259 508 292 quae
526 259 590 280 nos
607 260 678 279 non
703 256 771 280 tam
797 247 978 292 explanare
1003 257 1035 281 et
1058 248 1199 293 aperire,

62 314 166 353 'quam
189 309 365 352 contigisse
388 309 646 349 tantummodo,
679 318 710 341 et
740 308 937 353 purioribus
968 309 1131 350 sensibus,
1153 327 1200 335 -—

61 371 89 403 si
115 371 173 416 qui
196 381 309 404 tamen
333 381 428 412 sunt,
461 371 518 415 qui
541 383 647 415 puros
671 370 738 404 huc
764 379 796 403 et
819 370 947 404 liberos
974 383 993 403 a
1017 371 1198 405 saeculari-

60 433 124 465 bus
155 432 416 475 cogitationibus
435 433 468 476 ¹)
499 445 614 466 sensus
648 431 830 465 detulerint
863 452 921 471 —-,
951 432 1133 473 indicasse,
1166 442 1198 466 et

59 493 176 526 leviter
197 493 426 538 perstrinxisse
441 493 605 527 sufficiat:
633 494 794 538 „Accipe‚
809 493 846 537 2)
869 493 990 537 inquit,
1012 506 1197 527 numerum

58 555 209 588 filiorum
248 555 396 589 Canum
454 556 546 589 Ecce
580 555 702 588 iterum
736 555 819 588 alius
849 554 1077 588 introducitur
1109 557 1196 589 ordo

56 630 292 650 numerorum.
350 617 528 650 Numerati
563 626 641 651 sunt
674 616 740 663 jam
776 616 837 649 filii
877 616 956 649 Levi
994 617 1086 661 ab3)
1124 630 1195 650 uno

56 691 173 712 mense
197 687 230 711 et
252 692 374 724 supra,
414 692 508 712 nunc
539 687 764 711 numerantur
795 678 856 711 filii
880 677 959 711 Levi
991 692 1008 711 a
1036 678 1195 712 vicesimo

58 739 178 784 quinto
202 753 315 781 anno,
346 740 405 774 sed
436 753 509 773 non
533 749 570 772 ut
590 740 627 773 in
652 739 768 772 ceteris
791 753 912 784 supra,
935 741 994 773 sed
1019 753 1126 785 usque
1150 740 1195 773 ad

57 801 375 845 quinquagesimum
400 814 546 842 annum,
579 810 611 834 et
642 801 680 834 fit
711 801 772 834 iste
803 801 1006 846 praecipuus
1031 815 1196 835 numerus

56 871 88 895 et
112 863 245 896 electus.
292 862 441 896 Additur
466 863 555 896 enim
580 862 635 896 iis:
665 862 861 906 ‚,omnis,⁴)
885 863 1006 908 inquit,
1031 863 1089 908 qui
1113 877 1197 908 pro-

55 924 144 957 cedit
167 925 211 958 ad
233 925 494 959 ministrandum
527 925 569 958 ad
609 937 713 969 opera
746 925 957 959 tabernaculi
981 924 1196 958 testimonii.“

53 985 112 1019 Isti
135 996 223 1027 sunt,
246 987 304 1031 qui
328 996 553 1020 numerantur
577 986 719 1020 meliore
744 988 915 1032 quodam,
952 998 984 1021 et
1007 988 1194 1032 praecipuo

53 1060 210 1081 numero.
257 1047 353 1081 Sicut
377 1050 466 1082 enim
490 1048 527 1081 in
552 1048 629 1081 filiis
654 1048 756 1081 Israel
790 1047 981 1081 dicebatur:
1013 1048 1195 1093 ‚,0mnis⁵)

56 1108 115 1153 qui
135 1110 294 1154 procedit
325 1111 366 1144 ad
396 1111 572 1155 proelium
601 1109 638 1142 in
669 1109 745 1143 filiis
770 1110 914 1143 Israel:“
937 1110 980 1143 ita
1007 1120 1038 1143 et
1061 1111 1116 1143 hic
1142 1109 1194 1143 di-

57 1169 165 1203 citur:
194 1171 326 1210 „omnis
339 1171 376 1215 ⁶)
411 1172 469 1215 qui
502 1171 661 1215 procedit
690 1172 733 1204 ad
765 1171 1009 1211 ministerium,
1035 1181 1072 1204 ut
1095 1171 1196 1205 saciat

57 1243 160 1275 opera
176 1230 211 1264 in
236 1232 458 1265 tabernaculo
484 1231 700 1268 testimonii.“
737 1232 820 1265 Post
844 1233 926 1265 hacc
952 1232 1085 1274 dicitur,
1109 1246 1196 1278 quae

0 1300 1 1310 ¹
53 1292 119 1325 sint
143 1305 249 1338 opera
269 1285 422 1326 fflior'um
451 1292 558 1326 Canth
590 1293 624 1326 in
656 1294 771 1327 medio
797 1294 947 1327 filiorum
972 1294 1051 1327 Levi
1075 1308 1195 1328 secun-

54 1353 137 1386 dum
162 1354 280 1398 plebes
303 1367 378 1387 suas
402 1354 437 1387 in
461 1355 682 1387 tabernaculo
708 1354 902 1389 testimonii.
949 1355 1141 1397 ‚,Introibit,
1157 1355 1194 1402 ⁷)

52 1414 172 1459 inquit,
196 1416 317 1449 Aaron
342 1426 374 1449 et
396 1415 458 1450 filii
481 1416 570 1462 ejus,
606 1429 684 1449 cum
711 1417 835 1450 elevata
861 1416 987 1450 fuerint
1012 1427 1138 1458 castra,
1164 1427 1195 1451 et

53 1476 229 1521 deponent
251 1477 376 1524 velum,
402 1491 470 1522 quo
491 1487 650 1519 teguntur
673 1488 797 1518 sancta,
823 1489 853 1512 et
878 1479 1033 1523 operient
1058 1492 1095 1512 ex
1119 1479 1193 1524 ipso

51 1538 130 1571 velo
163 1551 274 1571 arcam
306 1540 528 1573 testamenti.“
589 1539 634 1572 Et
663 1541 847 1585 posthaec
871 1549 999 1584 septem
1024 1542 1193 1586 quaedam

50 1598 178 1643 species
201 1612 461 1642 enumerantur,
498 1615 584 1646 quae
607 1601 866 1645 praecipiuntur
891 1603 1025 1647 operiri.
1074 1603 1193 1636 Primo

50 1659 86 1692 in
109 1661 201 1703 loco,
224 1671 263 1694 ut
285 1662 441 1696 omnium
466 1661 648 1707 pretiosior
671 1663 742 1707 ipsa
755 1676 832 1696 arca
847 1665 1037 1697 testamenti
1059 1664 1194 1709 operia-

51 1730 106 1754 tur
127 1723 222 1764 velo,
248 1737 317 1768 quo
342 1723 436 1769 prius
469 1725 664 1764 velabatur,
688 1726 747 1759 sed
773 1734 804 1758 et
827 1726 916 1770 pelle
941 1726 1087 1771 desuper
1110 1726 1192 1773 hya—

51 1783 201 1817 cinthina
224 1794 362 1828 tegatur.
427 1785 576 1819 Additur
611 1785 711 1819 etiam
743 1786 837 1820 aliud
871 1789 1022 1820 velamen
1048 1789 1194 1833 desuper

143 1912 180 1956 ¹)
205 1911 294 1946 Cod.
318 1912 425 1946 sancti
450 1912 682 1946 Theudorici:
705 1915 1006 1956 ‚,tentationibus.“
1031 1915 1071 1951 R.

94 2006 110 2020 ι
143 1968 180 2013 ²)
206 1969 337 2003 Oinncs
359 1969 441 2002 Mss.
464 1969 624 2013 ‚‚Accipe‚
649 1969 770 2013 inquit,
794 1975 998 2004 numerum“
1023 1980 1084 2004 etc.
1134 1972 1190 2004 Li-

50 2014 105 2046 bri
138 2013 218 2048 editi
246 2014 295 2059 (v.
321 2028 347 2047 c.
373 2015 450 2047 edd.
475 2014 562 2058 M.):
601 2014 792 2061 ‚,Accipiat,
825 2015 956 2060 inquit,
986 2021 1192 2050 numerurn“

53 2067 115 2092 etc.
138 2058 180 2091 R.
205 2079 246 2085 --
271 2060 374 2093 Num.
398 2059 456 2099 IV,
480 2061 510 2093 2.

143 2115 180 2160 ³)
206 2115 292 2149 Cod.
317 2114 421 2149 sancti
446 2115 679 2148 Theoderici:
705 2117 768 2156 „ab
794 2129 864 2149 uno
890 2129 981 2150 anno
1008 2127 1037 2150 et
1054 2122 1189 2163 supra.“

50 2159 92 2192 R.
118 2179 160 2185 -—-
186 2160 256 2194 Csr.
278 2162 382 2194 Num.
406 2160 466 2201 ΠΙ,
490 2162 542 2195 15.
567 2162 621 2194 22.
644 2173 715 2205 sqq.

142 2215 181 2259 4)
204 2217 306 2249 Num.
330 2216 389 2257 IV,
411 2216 443 2250 3.
542 2216 577 2260 ⁵)
605 2215 676 2250 Csr.
701 2216 804 2248 Num.
830 2216 855 2255 l,
878 2216 932 2251 45.

143 2271 180 2315 ⁶)
204 2272 305 2306 Num.
330 2272 389 2314 IV,
412 2272 444 2305 3.
540 2272 576 2316 ⁷)
602 2273 704 2304 Num.
729 2271 788 2311 IV,
812 2271 844 2304 5.

868 2333 893 2367 3
909 2333 926 2351 κ
