1427 2460
377 69 414 93 m
437 59 614 93 Nummos
639 59 800 93 ΗοΜηῐΑ
818 59 928 93 XXV.
1151 62 1217 97 113

82 151 169 182 enim
196 150 453 193 pugnaverimus
484 149 518 181 in
544 150 648 181 verbo
675 149 757 188 Dei,
790 163 859 182 non
893 150 1080 194 poterimus
1104 152 1210 196 capti-

80 224 156 242 vare.
179 211 386 244 intellectum
413 224 544 248 eorum,
568 211 626 254 qui
652 210 779 243 diversa
807 225 823 244 a
839 210 973 244 Christo
998 210 1154 252 sentiunt,
1179 222 1211 246 et

72 273 266 314 perducere
297 285 353 305 eos
389 272 432 305 ad
465 272 693 305 obeJientiam
721 272 855 305 Christi.
911 272 1018 306 Pauci
1051 282 1130 307 sunt
1160 282 1211 307 ta—

79 346 167 372 men,
192 332 249 376 qui
272 346 423 377 pugnare
452 334 599 378 possint,
632 344 661 367 et
695 334 824 379 proelia
851 335 911 367 ista
944 334 1130 368 conficere:
1167 336 1211 368 de

78 394 238 426 sexcentis
261 394 410 427 millibus
436 404 468 427 et
492 396 637 440 amplius
669 405 895 436 armatorum,
927 395 985 440 qui
1008 396 1212 429 videbantur

77 454 222 487 militare
246 455 342 495 Deo,
377 457 448 489 sola
474 456 656 490 duodecim
681 457 785 490 millia
811 458 998 500 eliguntur:
1030 457 1132 490 ceteri
1155 471 1208 490 re-

76 515 277 560 linquuntur
310 517 346 550 in
382 517 503 551 castris.
561 518 696 551 Intuere
721 519 754 562 ¹)
791 519 875 552 mihi
911 519 1210 564 nunc’populum

79 577 164 619 Dei,
195 578 253 623 qui
285 588 332 613 est
354 580 389 612 in
415 579 570 619 ecclesia,
608 581 725 625 quanti
749 591 825 614 sunt
849 594 887 614 ex
910 580 967 624 iis,
997 581 1056 626 qui
1078 580 1211 625 possint

75 652 140 683 pro
165 639 301 672 veritate
323 653 486 684 pugnare,
511 641 569 685 qui
584 642 621 684 ²)
644 641 774 686 possint
798 643 950 675 resistere
974 642 1022 682 iis,
1047 643 1104 687 qui
1123 655 1207 675 con—

76 701 258 741 tradicunt,
284 701 341 746 qui
364 703 468 735 sciant
493 702 586 735 verbi
611 704 698 736 bella
724 714 875 737 tractare.
922 703 1018 737 Beati
1043 712 1123 735 sunt
1145 702 1208 742 isti,

75 762 133 807 qui
157 776 221 807 pro
247 763 341 796 omni
365 764 497 808 populo
521 776 674 808 pugnare
698 774 849 809 possunt,
874 774 906 797 et
931 765 1115 798 defendere
1139 764 1205 796 Dei

76 825 222 868 plebem,
246 834 278 857 ct
295 825 438 869 copiosa
465 826 507 858 de
532 826 683 859 hostibus
707 826 816 870 spolia
841 835 1025 870 reportare.
1074 825 1207 858 Tamen

75 895 108 918 et
138 886 266 929 reliqua
298 899 375 930 pars
411 887 549 931 populi,
587 900 673 931 quae
703 887 835 920 videtur
869 888 1033 927 imbellis,
1068 887 1095 920 si
1129 900 1205 919 cum

76 946 187 991 quiete
210 947 352 980 resideat
377 948 410 980 in
440 950 570 988 castris,
601 949 626 981 si
659 949 693 981 in
718 949 853 982 silentio
878 958 971 990 agat,
1002 957 1035 981 et
1058 962 1129 980 non
1154 961 1205 980 re-

75 1010 172 1042 cedat
195 1023 214 1041 a
236 1009 346 1050 Mose,
368 1011 426 1043 sed
450 1020 645 1054 permaneat
667 1010 701 1042 in
727 1012 800 1051 lege
823 1011 900 1050 Dei,
923 1019 1054 1054 partem
1077 1009 1207 1054 spolio-

74 1084 150 1103 rum
176 1071 276 1104 etiam
300 1071 371 1115 ipsa
395 1072 569 1116 percipiet.
624 1072 699 1105 Fiet
723 1073 812 1106 enim
839 1085 944 1117 aequa
968 1070 1103 1115 portio,
1133 1084 1205 1103 non

74 1145 135 1176 per
159 1145 339 1164 numerum
364 1132 522 1176 quidem,
552 1133 609 1165 sed
639 1142 804 1176 quantum
829 1135 928 1164 datur
952 1131 1047 1165 omni
1070 1132 1204 1176 populo

73 1193 221 1237 reliquo,
260 1203 390 1226 tantum
425 1204 455 1225 et
487 1193 551 1226 illis
575 1194 757 1226 duodecim
784 1194 950 1233 millibus,
988 1194 1110 1238 quibus
1134 1193 1205 1225 vin-

74 1255 224 1288 centibus
249 1265 345 1300 capta
371 1264 448 1288 sunt
472 1255 591 1299 spolia.
649 1255 734 1298 Quis
759 1256 841 1288 haec
867 1256 1025 1294 audiens,
1055 1269 1125 1287 non
1150 1255 1202 1286 in-

73 1317 193 1350 vitetur
225 1318 266 1350 ad
297 1316 450 1350 militiam
483 1316 573 1349 Dei?
634 1316 719 1365 Quis
750 1330 820 1349 non
855 1318 1022 1349 animetur
1053 1328 1204 1360 pugnare

74 1393 137 1425 pro
164 1380 317 1418 ecclesia,
342 1389 374 1411 et
397 1378 548 1411 resistere
572 1379 747 1410 adversum
780 1378 925 1411 veritatis
949 1376 1121 1416 inimicos,
1145 1390 1203 1410 eos

73 1441 212 1480 scilicet,
241 1441 299 1485 qui
323 1441 375 1472 vel
401 1440 558 1480 dogmata
584 1439 743 1472 ecclesiae
772 1452 991 1484 oppugnare,
1028 1440 1079 1471 vel
1104 1440 1202 1470 volu-

71 1503 155 1548 ptati
179 1512 211 1536 et
234 1502 384 1535 luxuriae
401 1514 540 1546 operam
555 1503 636 1534 dare
660 1501 813 1534 homines
832 1500 981 1534 docent?
1030 1499 1100 1543 Qui
1124 1511 1203 1540 ergo

72 1566 134 1597 hos
157 1573 332 1609 expugnat,
357 1573 389 1596 et
412 1564 463 1595 vel
489 1563 522 1595 in
545 1576 590 1602 se,
614 1564 663 1595 vel
689 1563 722 1595 in
747 1562 909 1607 proximis
934 1562 1001 1595 suis
1026 1561 1103 1594 vitia
1126 1573 1203 1604 per-

71 1625 161 1664 imit,
191 1625 246 1657 hic
277 1625 418 1669 accipiet
441 1624 548 1668 spolia
581 1625 705 1664 multa,
739 1624 959 1668 quinquagies
982 1622 1202 1667 multiplicata

73 1701 174 1732 quarn
199 1687 309 1719 ceteri.
368 1687 405 1718 ln
429 1695 560 1718 tantum
588 1697 736 1729 namque
761 1684 894 1717 numeri
920 1683 1085 1728 quantitas
1110 1682 1201 1714 vide-

71 1759 126 1781 tur
151 1748 282 1790 augeri,
315 1761 392 1780 cum
416 1747 576 1780 sexcentis
609 1746 756 1778 millibus
782 1745 965 1778 duodecim
990 1744 1094 1777 millia
1120 1756 1203 1776 con-

72 1812 235 1843 feruntur.
285 1808 421 1841 Offerre
445 1818 560 1842 tamen
584 1821 659 1852 pars
684 1817 826 1850 utraque
861 1804 998 1851 jubetur
1021 1806 1110 1838 Deo.
1156 1806 1202 1839 Et

70 1871 118 1905 illi
144 1871 293 1916 quidem,
319 1870 377 1914 qui
403 1870 564 1909 vicerunt,
588 1883 695 1902 unum
721 1881 759 1901 ex
777 1867 982 1912 quingentis:
1008 1867 1066 1911 qui
1089 1877 1201 1900 autem

166 2060 200 2103 ¹)
225 2059 313 2093 Cod.
337 2061 443 2093 saneti
469 2060 694 2093 Theodorici:
728 2060 877 2100 „Intueri
901 2072 992 2092 nunc
1015 2058 1096 2091 libet
1118 2057 1203 2091 mihi

69 2116 262 2160 populum“
286 2126 346 2149 etc.
369 2115 410 2148 R.
435 2134 477 2141 ——
512 2116 603 2150 Edd.
634 2115 791 2150 Merlini:
824 2116 982 2157 „Intuere
1004 2127 1097 2148 nunc
1119 2112 1205 2148 mihi

70 2172 262 2216 Ροριιίυῐῃιι
287 2181 347 2204 etc.

162 2227 200 2271 ²)
225 2227 327 2261 Deest
352 2227 454 2272 „qui“
477 2226 512 2260 in
537 2228 589 2261 ed.
614 2225 731 2260 Ruaei.
