1427 2460
224 102 294 137 242
704 99 884 134 Omezms

228 193 273 226 do
297 189 400 224 tibi.“
446 190 491 223 Et
517 189 600 234 quid
625 189 757 223 consilii
782 189 931 233 dederit,
962 189 1011 222 ibi
1033 203 1107 224 non
1131 191 1307 236 apparuit,
1327 191 1363 224 in

228 252 477 299 posterioribus
499 261 613 285 tamen
638 251 741 296 ipsius
764 251 843 284 libri
868 252 1101 286 Numerorum
1125 253 1288 298 scriptum
1313 266 1363 286 re-

226 317 345 348 fertur.
392 314 461 348 Sed
484 312 618 358 plenius
641 313 677 346 in
702 313 908 347 revelatione
930 313 1093 355 Joannis,
1124 315 1185 347 ubi
1208 314 1254 347 ita
1279 327 1363 347 con-

229 378 369 411 tinetur:
393 376 520 416 „habes
534 375 580 419 ι),
603 374 726 420 inquit,
749 374 798 408 ibi
823 376 1049 421 quosdam2),
1074 377 1132 422 qui
1157 385 1276 409 tenent
1300 376 1364 409 do-

229 438 370 472 ctrinam
395 437 558 477 Balaam,
589 436 647 481 qui
671 436 791 470 docuit
813 437 961 478 Balach,
993 447 1031 471 ut
1051 439 1201 472 mitteret
1224 438 1365 471 scanda-

229 502 301 534 lum
333 500 368 533 in
401 508 587 544 conspectu
609 499 762 532 filiorum
788 500 908 540 Israel,
936 510 974 534 ut
995 502 1242 535 manducarent
1264 498 1365 533 idolis

228 563 416 601 immolata,
440 571 473 594 et
498 561 784 595 fornicarentur.“
821 562 872 595 Ex
898 563 964 595 hoc
989 576 1068 605 ergo
1093 572 1246 608 apparet,
1270 561 1365 606 quod

228 625 381 670 nequitia
404 637 485 657 usus
507 626 549 657 sit
570 621 730 663 Balaam,
764 633 796 657 et
819 625 998 659 consilium
1024 624 1155 658 dederit
1177 624 1263 666 regi,
1285 623 1364 656 talia

229 687 398 732 quaedam
423 685 539 720 dicens
564 687 605 718 ad
632 698 728 719 eum:
762 688 912 732 populus
936 687 992 720 hic
1016 700 1088 720 non
1111 685 1263 731 propriis
1286 684 1364 718 viri-

228 750 303 790 bus,
326 750 385 782 sed
409 748 524 781 Deum
549 748 698 781 colendo
723 747 838 788 vincit,
862 758 894 781 et
906 748 1107 794 pudicitiam
1120 747 1364 782 conservando.

227 811 266 844 Si
289 811 336 844 vis
360 823 438 843 eum
461 810 615 850 vincere,
651 810 765 855 primo
797 823 918 844 eorum
948 811 1151 856 pudicitiam
1174 808 1300 855 dejice,
1333 817 1367 841 et

227 881 352 918 sponte
374 872 565 906 vincentur.
612 872 682 905 Sed
707 873 885 907 adversum
909 873 994 906 haec
1026 886 1097 906 non
1127 873 1251 906 virtute
1273 870 1362 904 mili-

226 944 313 976 tum,
335 936 396 969 sed
418 933 602 967 mulierum
627 935 755 967 decore
776 937 1001 979 pugnandum
1026 944 1092 974 est,
1122 947 1187 967 nec
1217 942 1365 966 armato-

227 1011 306 1031 rum
328 996 456 1040 vigore,
480 997 540 1030 sed
563 996 708 1030 mollitie
725 997 942 1031 feminarum.
983 997 1113 1031 Procul
1129 994 1258 1039 hinc3)
1281 1007 1363 1039 pro-

228 1060 284 1093 cul
308 1071 428 1094 amove
451 1067 664 1092 armatorum
689 1072 848 1100 manum,
874 1069 907 1093 et
931 1060 1071 1093 electam
1097 1068 1265 1099 congrega
1287 1068 1364 1100 spe-

226 1121 314 1155 ciem
330 1122 538 1166 puellarum,
560 1121 715 1154 ludentes
738 1122 883 1166 pedibus
907 1130 995 1161 eant,
1017 1119 1246 1164 manibusque
1264 1119 1362 1163 plau-

227 1184 360 1216 dentes:
393 1183 507 1216 forma
530 1181 633 1215 vincit
661 1192 827 1222 armatos,
857 1184 987 1216 ferrum
1010 1182 1233 1228 pulchritudo
1259 1170 1363 1225 capti-

223 1253 290 1284 vat,
313 1243 493 1278 vincentur
514 1243 638 1289 specie,
659 1244 719 1289 qui
741 1258 813 1278 non
838 1245 1021 1278 vincuntur
1042 1244 1188 1289 proelio.
1233 1243 1363 1276 Verum

223 1305 286 1339 ubi
307 1305 473 1339 senserint
496 1318 555 1338 eos
585 1306 744 1340 mulieres
766 1306 975 1341 Moabitides
988 1306 1026 1351 4)
1049 1306 1100 1340 vel
1123 1304 1365 1340 Madianitides

222 1380 344 1401 manus
368 1365 499 1400 dedisse
521 1365 668 1407 libidini,
691 1377 722 1400 et
744 1378 886 1413 peccato
909 1369 1089 1402 inclinasse
1110 1367 1268 1405 cervices,
1290 1378 1362 1398 non

221 1427 318 1472 prius
341 1436 448 1462 semet
469 1427 558 1472 ipsas
582 1429 797 1474 cupientibus
820 1431 1025 1475 praebeant,
1056 1443 1161 1475 quam
1193 1430 1237 1462 de
1259 1427 1362 1461 sacri·
1399 1464 1403 1468 ,

222 1489 307 1523 ficiis
330 1489 508 1523 idolorum
533 1490 763 1534 acquieverint
786 1493 978 1535 degustare:
1002 1501 1040 1525 ut
1055 1500 1197 1534 cogente
1208 1490 1363 1529 libidine,

197 1551 200 1555 ’
224 1549 372 1584 consiliis
404 1551 643 1596 obtemperent
670 1554 894 1594 feminarum,
935 1563 968 1587 et
996 1561 1238 1587 consecrentur
1268 1552 1364 1596 prius

223 1610 457 1656 Beelphegor,
480 1615 574 1658 quod
599 1624 647 1648 est
668 1615 802 1649 idolum
825 1615 1057 1661 turpitudinis.
1105 1615 1200 1649 Haec
1222 1615 1364 1648 fuerunt

224 1672 366 1708 consilia
388 1672 550 1708 Balaam:
581 1676 705 1721 quibus
736 1678 882 1722 acceptis
912 1691 969 1710 rex
992 1677 1124 1712 Balach
1154 1686 1255 1722 parat
1277 1689 1361 1711 con-

222 1735 321 1770 tinuo
347 1735 530 1770 exercitum
552 1751 626 1772 non
658 1739 760 1773 armis
784 1739 953 1779 virilibus,
989 1741 1050 1773 sed
1073 1739 1224 1773 femineo
1249 1740 1363 1773 nitore

225 1799 468 1843 compositum,
488 1813 561 1833 non
575 1801 694 1834 furore
711 1801 850 1842 bellico,
873 1802 933 1836 sed
955 1800 1107 1835 libidinis
1132 1801 1271 1835 flamma
1284 1814 1360 1834 suc-

223 1872 375 1893 censum.
419 1861 561 1895 Nullam
591 1863 739 1896 refrenat
760 1864 896 1907 pudor,
927 1864 1058 1897 nullam
1081 1863 1244 1908 prohibet
1266 1875 1360 1896 vere-

223 1921 358 1956 cundia.
394 1924 504 1956 Amor
527 1924 667 1968 patriae,
690 1933 723 1958 et
746 1925 863 1959 vitium
888 1925 994 1968 gentis
1017 1925 1214 1970 conspirant
1234 1923 1362 1970 pariter

317 2071 352 2115 ¹)
379 2073 520 2117 Apocal.
544 2074 587 2116 II,
612 2075 666 2110 14.

314 2126 349 2170 ²)
374 2128 507 2161 Desunt
531 2129 597 2162 hoc
622 2131 721 2169 loco,
753 2132 811 2164 efr.
836 2145 913 2177 pag.
937 2132 1014 2167 244.
1038 2141 1111 2165 not.
1135 2131 1184 2172 1.,
1218 2130 1255 2164 in
1279 2130 1355 2164 edd.

221 2171 270 2205 Μ.
295 2173 414 2205 verba:
440 2176 650 2217 ‚‚quosdam‚
681 2178 740 2219 qui
763 2182 911 2210 tenent.“

314 2225 352 2270 ³)
377 2227 510 2260 Desunt
533 2231 651 2263 verba:
676 2231 777 2269 „hinc
800 2232 965 2276 procul“,
985 2231 1022 2265 in
1044 2232 1116 2265 sola
1142 2232 1195 2265 ed.
1220 2231 1336 2265 Ruaei.

315 2282 352 2326 ⁴)
375 2283 464 2316 Edd.
491 2282 647 2318 Merlini:
677 2286 854 2320 Moabitae
877 2288 929 2320 vel
953 2287 1171 2322 Madianitae.

1410 2191 1415 2204 i

1410 2220 1414 2263 ἂ

1409 2274 1414 2298 1
1426 2281 1427 2291 ι
