1427 2460
408 83 444 107 m
468 72 651 106 Nummos
673 68 833 103 Homma
854 68 914 103 XI.
1125 66 1192 103 105

14 195 16 197 ,
67 168 145 201 dem
168 165 323 199 sobolem
347 172 504 208 tanquam
527 161 563 195 in
585 160 774 195 libertatem
799 158 959 202 gignentis
989 156 1071 192 novi
1093 166 1193 191 testa-

68 226 173 261 menti
195 227 318 260 liberos
342 223 439 257 dicit:
464 224 551 265 Agar
575 231 686 255 autem
709 230 872 266 tanquam
894 221 929 254 in
952 219 1191 264 servitutem¹)

68 287 255 331 generantis
276 295 430 319 terrenae
452 284 640 317 Jerusalem
662 282 751 316 filios
781 281 978 316 nominavit.
1032 281 1194 315 Ostendi-

69 361 153 388 mus,
174 357 212 380 ut
235 345 369 391 opinor,
393 345 592 379 auctoritate
614 344 799 388 scripturae
817 343 958 384 divinae,
982 356 1021 376 ex
1035 342 1084 383 iis,
1107 355 1195 388 quae

20 446 23 454 Κ
69 409 106 443 in
129 409 199 451 lege
220 407 343 453 scripta
369 417 456 447 sunt,
480 407 591 452 aliqua
614 407 747 452 penitus
770 405 966 448 refugienda
991 418 1060 438 esse
1083 413 1115 437 et
1139 417 1194 437 ca-

69 471 187 508 venda,
209 482 254 502 ne
276 471 463 503 secundum
492 469 622 502 literam
656 469 698 500 ab
731 465 902 508 Evangelii
937 465 1107 510 discipulis
1132 467 1195 499 oh-

69 539 259 565 serventur:
285 531 453 575 quaedam
478 544 556 564 vero
583 529 791 568 omnimode,
814 537 850 561 ut
873 526 997 572 scripta
1020 537 1108 568 sunt,
1132 529 1197 561 oh-

20 580 21 586 *
71 591 226 625 tinenda:
251 592 316 626 alia
340 602 452 625 autem
476 592 602 625 habere
626 590 762 636 quidem
780 591 966 623 secundum
983 589 1114 622 literam
1139 602 1196 622 ve-

71 653 204 687 ritatem
233 653 302 693 sui,
336 654 487 699 recipere
517 662 631 687 tamen
663 651 790 685 utiliter
820 659 853 684 et
882 649 1070 698 necessario
1097 650 1197 684 etiam

1 730 5 747 :
53 714 291 757 ,allegoricum
314 728 459 749 sensum.

160 777 193 810 2.
216 776 291 809 Erit
313 789 391 819 ergo
417 775 485 822 jam
510 776 666 821 sapientis
689 774 819 809 scribae
842 784 873 808 et
890 773 1003 808 edocti
1028 774 1069 807 de
1093 786 1197 816 regno

74 836 152 878 Dei,
175 836 233 882 qui
255 837 336 870 sciat
360 838 401 870 de
426 837 589 871 thesauris
612 837 711 882 his2)
734 837 889 882 proferre
911 849 1000 869 nova
1025 844 1056 868 et
1079 845 1201 875 vetera,

75 899 169 939 scire,
193 899 370 943 quomodo
395 898 431 931 in
455 912 525 932 uno
551 911 689 943 quoque
712 899 791 931 loco
808 897 1013 942 Scripturae,
1035 906 1093 930 aut
1116 895 1202 942 abji-

75 960 140 995 ciat
160 960 295 1005 penitus
319 959 531 994 occidentem
553 961 718 1000 literam„
732 969 764 993 et
794 959 950 1004 spiritum
979 959 1203 993 vivificantem

75 1021 240 1067 requirat:
266 1031 323 1055 aut
346 1021 526 1055 confirmet
550 1022 768 1062 omnimode,
792 1029 824 1054 et
845 1020 964 1054 utilem
988 1034 1027 1054 ac
1052 1034 1204 1054 necessa-

75 1084 159 1117 riam
183 1085 309 1129 probet
332 1083 447 1116 literae
472 1082 680 1116 doctrinam:
704 1091 760 1116 aut
781 1090 942 1115 manente
964 1081 1114 1123 historia,
1140 1095 1204 1126 op-

26 1151 32 1190 ’ἱ
76 1153 225 1188 portune
258 1153 289 1177 et
320 1144 484 1177 decenter
512 1144 707 1177 introducat
733 1143 831 1177 etiam
862 1143 1039 1190 mysticum
1061 1156 1205 1177 sensum.

30 1215 32 1242 ζ
80 1204 176 1238 Sicut
199 1214 229 1238 et
252 1205 287 1238 in
315 1204 384 1238 hoc
406 1217 574 1244 sermone,
598 1218 699 1249 quem
723 1205 887 1238 habemus
909 1204 943 1237 in
961 1203 1129 1243 manibus,
1153 1218 1206 1238 ar-

78 1266 189 1300 bitror
213 1266 408 1300 convenire:
434 1267 530 1299 decet
553 1265 663 1306 enirn,
697 1275 729 1299 et
750 1265 833 1298 utile
857 1275 904 1298 est
928 1265 1026 1299 etiam
1048 1267 1207 1300 sacerdo-

79 1326 168 1360 tibus
190 1326 365 1368 Evangelii
396 1327 513 1359 offerri
546 1326 720 1370 primitias.
772 1327 820 1360 Ita
852 1326 940 1360 enim
973 1336 1006 1359 et
1037 1327 1208 1360 Dominus

32 1380 34 1439 ἰ
79 1387 262 1433 disposuit,
295 1396 349 1427 ut,
383 1387 441 1432 qui
465 1387 686 1429 Evangelium
709 1387 927 1427 annuntiant,
956 1389 999 1420 de
1024 1388 1208 1430 Evangelio

81 1449 250 1495 vivant,³)
282 1458 315 1482 et
349 1448 408 1494 qui
431 1449 527 1482 altari
557 1449 765 1489 deserviunt,
798 1450 842 1482 de
878 1449 972 1483 altari
996 1449 1209 1494 participent.

79 1510 126 1543 Et
148 1509 233 1544 sicut
255 1511 322 1543 hoc
347 1510 487 1553 dignum
511 1520 542 1543 et
566 1512 685 1544 decens
710 1519 767 1550 est,
790 1510 837 1544 sic
862 1524 880 1544 e
903 1512 1076 1544 contrario
1103 1520 1134 1544 et
1156 1510 1209 1544 in·-

81 1572 204 1605 decens
228 1580 260 1605 et
282 1572 459 1614 indignum
483 1571 636 1605 existimo
661 1581 693 1605 et
714 1571 871 1617 impium,
897 1581 934 1605 ut
956 1571 993 1614 is,
1020 1572 1077 1617 qui
1093 1572 1209 1606 Deum

82 1633 181 1673 colit,
213 1642 245 1666 et
266 1632 454 1675 ingreditur
484 1633 659 1667 ecclesiam
683 1634 770 1674 Dei,
801 1633 859 1679 qui
882 1634 942 1667 scit
963 1635 1155 1668 sacerdotes
1179 1644 1212 1668 et

83 1693 253 1728 ministros
276 1693 432 1728 adsistere
455 1694 562 1735 altari,
586 1704 619 1727 et
643 1704 700 1728 aut
722 1695 826 1728 verbo
843 1694 919 1736 Dei,
942 1704 1000 1728 aut
1023 1694 1210 1730 ministerio

87 1756 247 1789 ccclesiae
271 1755 444 1796 deservire,
469 1757 512 1789 de
535 1757 699 1790 fructibus
723 1766 848 1796 terrae,
878 1770 963 1801 quos
975 1756 1012 1801 ⁴²)
1036 1758 1093 1790 dat
1117 1758 1213 1792 Deus

84 1816 193 1849 solem
215 1829 314 1849 suum
339 1817 577 1861 producendO,
601 1826 633 1850 et
646 1817 776 1862 pluvias
793 1831 867 1851 suas
887 1817 1122 1858 ministrando,
1139 1833 1211 1852 non

85 1878 208 1910 offerat
230 1876 394 1921 primitias
417 1878 657 1913 sacerdotibus.
710 1879 791 1912 Non
823 1879 908 1912 mihi
939 1879 1071 1913 vitietur
1094 1879 1212 1926 hujus-

85 1938 182 1971 modi
205 1937 316 1970 anima
340 1939 466 1972 habere
487 1940 687 1973 memoriam
699 1940 777 1980 Dei,
799 1952 860 1972 nec
875 1938 1030 1982 cogitare,
1053 1955 1117 1974 nec
1142 1955 1214 1975 cre-

87 2001 177 2041 dere,
201 2000 280 2045 quia
303 1999 397 2034 Deus
421 1999 553 2034 dederit
573 2002 713 2042 fructus,
736 2014 822 2046 quos
846 2000 951 2046 cepit:
984 2015 1069 2047 quos
1091 2003 1138 2037 ita
1161 2016 1214 2037 re-

182 2149 217 2193 ¹)
240 2149 328 2182 Edd.
354 2149 510 2184 Merlini:
536 2143 737 2185 servitutem.-

181 2204 218 2248 2)
243 2204 331 2238 Edd.
354 2205 516 2253 Merliniq
537 2206 585 2241 iis.
679 2207 717 2252 ³)
742 2208 759 2241 l
782 2208 863 2242 Cor.
887 2208 948 2248 IX,
971 2208 1024 2242 14.

189 2257 227 2304 ⁴)
250 2259 340 2294 Edd.
363 2260 520 2296 Merlini:
545 2276 630 2308 quos
653 2264 747 2299 Deus
771 2264 865 2299 dedit
885 2266 994 2298 solem
1019 2276 1118 2297 suum
1146 2273 1205 2298 etc.
