1427 2460
963 61 995 69 l

227 81 295 117 238
710 76 889 112 ORJGEMS

227 172 350 212 sidens,
375 178 497 209 caveat,
524 168 685 213 inquam,
709 167 836 202 etiamsi
859 168 1051 214 possideat,
1075 177 1106 202 et
1129 179 1364 214 promereatur

225 234 324 269 istam
349 232 498 275 gratiam,
521 229 608 276 ut¹)
632 230 670 264 in
690 232 828 265 ecclesia
843 230 967 265 Christi
989 230 1041 271 sit,
1064 243 1109 263 ne
1133 232 1222 265 forte
1246 233 1362 267 astutia

224 296 320 330 Beor
352 292 593 327 circumveniat
624 305 721 336 eum,
757 302 790 327 et
821 293 968 327 declinet
998 293 1042 326 ad
1067 293 1225 337 dogmata
1247 307 1362 340 prava,

229 368 261 391 et
285 369 452 402 perversa,
478 363 510 387 et
533 354 579 387 ob
604 355 672 388 hoc
695 356 849 388 tradatur
872 354 1021 403 Assyriis.
1059 354 1130 399 Qui
1154 355 1245 390 enim
1269 357 1361 391 hlas-

226 421 390 466 phemant
419 418 455 451 in
494 417 633 450 ecclesia
663 416 781 462 positi,
815 419 997 451 traduntur
1028 417 1193 459 Satanae,
1225 418 1311 452 sicut
1324 418 1362 464 ²)

225 481 408 530 Phygellus
422 488 454 513 et
467 479 710 522 Hermogenes,
734 479 778 512 de
799 481 921 524 quibus
937 479 1063 513 Paulus
1081 479 1180 514 dicit:
1203 493 1312 526 „quos
1323 480 1361 527 ³)

224 543 374 582 tradidi,
403 541 533 586 inquit,
570 541 733 582 Satanae,
769 551 807 575 ut
839 541 967 576 discant
995 555 1068 575 non
1092 541 1362 587 blasphemare.“

223 606 410 649 Propterea
435 615 514 645 ergo
541 603 684 650 Assyriis
707 603 869 644 traditur,
895 603 953 648 qui
978 603 1197 637 declinaverit
1218 605 1255 638 in
1278 605 1360 638 hae-

219 667 359 702 reticam
383 663 648 710 blasphemiam:
675 665 753 710 quia
774 665 901 712 Assyrii
924 666 1190 711 interpretantur
1212 666 1359 709 dirigen-

220 738 286 763 tes:
319 737 352 761 et
376 727 421 760 ob
446 726 514 759 hoc
538 728 719 760 traduntur
743 727 802 768 iis,
834 728 893 773 qui
917 728 1116 768 traduntur,
1140 741 1212 762 non
1236 737 1276 762 ut
1297 741 1359 774 pe·
1398 774 1399 777 Ἰ

221 800 327 831 reant,
351 801 464 833 neque
476 788 512 832 4)
536 798 574 822 ut
597 788 731 833 penitus
751 789 937 831 intereant,
962 791 1020 824 sed
1045 800 1083 823 ut
1105 790 1304 832 dirigantur,
1326 800 1360 824 et

219 852 450 893 corrigantur:
476 859 508 882 et
530 850 617 885 sicut
640 850 712 896 ipse
726 851 854 885 Paulus
880 851 978 886 dicit:
1003 861 1062 893 „ut
1074 851 1111 897 ⁵)
1135 852 1266 886 discant
1284 865 1357 886 non

220 914 488 959 blasphemare.“

307 977 340 1010 4.
363 975 445 1008 Post
468 975 551 1007 haec
576 987 655 1007 vero
669 973 811 1007 Balaam
829 975 1033 1020 prophetiae
1054 989 1135 1010 suae
1158 988 1353 1010 sermonem

217 1039 252 1072 in
283 1038 334 1072 his
347 1037 384 1079 ⁶)
411 1035 603 1075 concludit,
636 1036 769 1069 dicens:
802 1046 865 1076 „et
879 1036 914 1081 ⁷)
939 1046 1084 1070 assumta
1108 1037 1272 1082 parabola
1295 1051 1355 1072 sua

217 1101 314 1134 dixit:
349 1112 370 1132 o
395 1097 468 1142 quis
491 1096 595 1137 vivet,
623 1110 701 1130 cum
725 1098 844 1130 fecerit
873 1098 957 1131 haec
980 1097 1102 1132 Deus?
1148 1099 1193 1133 Et
1217 1100 1357 1133 exibunt

217 1163 260 1196 de
282 1173 386 1195 manu
413 1158 625 1199 Citlfiorum,
656 1168 688 1192 et
722 1160 872 1201 affligent
896 1161 1016 1201 Assur,
1053 1170 1086 1194 et
1110 1154 1262 1204 affligent
1282 1160 1353 1195 He-

215 1225 357 1263 braeos,
382 1231 414 1254 et
436 1221 500 1266 ipsi
525 1222 653 1266 pariter
673 1221 847 1266 peribunt.
857 1226 876 1241 “
925 1221 1034 1265 Quod
1057 1235 1121 1267 per
1142 1223 1271 1266 singula
1291 1235 1354 1269 per

214 1285 417 1332 parabolam
441 1283 538 1327 loqui
561 1283 685 1316 dicitur
702 1281 855 1324 Balaam,
879 1283 1003 1325 legenti
1024 1283 1147 1318 incutit
1168 1285 1352 1330 pudorem,

213 1362 258 1382 ne
289 1346 373 1392 quid
405 1346 440 1378 in
474 1344 531 1385 iis,
565 1357 652 1389 quae
683 1345 860 1385 dicuntur,
892 1358 965 1377 non
990 1345 1085 1389 quasi
1118 1346 1153 1378 in
1175 1346 1351 1390 parabola,

213 1411 274 1444 sed
304 1407 492 1442 secundum
525 1405 657 1439 literam
692 1407 820 1439 dictum
852 1415 956 1450 putet.
1019 1406 1078 1438 Ait
1109 1419 1207 1449 ergo:
1245 1406 1350 1452 „o⁸)

215 1470 289 1516 quis
314 1469 409 1508 vivet,
433 1481 510 1501 cum
534 1468 653 1500 fecerit
674 1467 758 1500 haec
774 1466 918 1502 Deus?“
949 1467 1015 1501 Hie
1039 1467 1141 1501 vitam
1165 1481 1238 1500 non
1261 1469 1350 1511 hanc

214 1543 451 1569 communem,
486 1530 545 1563 sed
576 1529 670 1562 illam
701 1528 874 1569 nominat,
906 1542 992 1574 quae
1019 1529 1209 1562 secundum
1232 1529 1348 1564 Deum
1397 1551 1399 1554 ⁴

213 1603 277 1628 est:
304 1602 336 1627 et
360 1593 426 1625 hoc
452 1600 518 1631 est,
550 1592 645 1636 quod
671 1590 768 1624 dicit:
801 1590 879 1636 quia
904 1604 982 1624 cum
1008 1592 1092 1638 haec
1115 1590 1233 1625 omnia
1255 1592 1348 1634 fient,

214 1669 290 1688 cum
318 1655 446 1688 orietur
470 1663 595 1687 astrum
621 1665 658 1685 ex
682 1653 815 1694 Jacob,
848 1662 880 1686 et
903 1653 1084 1693 surrexerit
1106 1654 1212 1686 homo
1238 1666 1277 1687 ex
1298 1653 1349 1688 Is-

210 1717 291 1757 rael,
315 1725 348 1749 et
371 1714 531 1749 deleverit
554 1715 737 1755 Amalech,
762 1724 795 1748 et
817 1727 932 1748 semen
957 1714 1028 1761 ejus
1050 1715 1255 1760 perdiderit,
1279 1716 1347 1750 hoc

305 1838 340 1884 ι)
363 1825 453 1875 Ε’ἁᾱ,
478 1837 634 1871 Mernni:
659 1847 700 1871 et.

302 1894 340 1940 ²)
365 1894 453 1928 Cod.
480 1893 695 1938 Corbejensis
718 1894 909 1938 posteriori,
931 1895 991 1928 sed
1015 1894 1134 1927 eadem
1158 1906 1264 1927 manu
1288 1908 1345 1931 su-

234 1953 270 1973 ra
305 1941 511 1984 adscriptum
543 1940 664 1973 habet:
698 1939 811 1979 „sicut
841 1940 993 1973 Philetus
1026 1949 1059 1972 et
1080 1938 1345 1982 Hermogenes.“

207 1953 344 2018 Elorum
377 1984 504 2017 mentio
537 1985 575 2017 fit
597 1985 629 2016 Il
657 1984 744 2017 Tim.
769 1985 795 2025 I,
819 1985 872 2018 15.
905 1994 937 2018 et
968 1984 1010 2026 Π,
1035 1985 1088 2019 17.
1143 1985 1190 2017 At
1219 1985 1262 2017 de
1291 1984 1342 2018 his

207 2043 281 2062 non
312 2029 392 2062 dixit
417 2030 542 2063 Paulus
571 2030 742 2075 conceptis
774 2029 900 2062 verbis:
939 2042 1054 2074 „quos
1086 2028 1243 2063 tradidi“
1268 2038 1340 2070 etc.,

209 2076 268 2107 sed
294 2075 336 2107 de
349 2074 551 2120 Hymenaeo
579 2084 610 2108 et
634 2075 838 2109 Alexandro.
866 2074 935 2108 Cfr.
960 2088 1035 2119 pag.
1060 2073 1132 2121 huj.
1155 2084 1228 2108 not.
1243 2076 1274 2110 3.
1300 2074 1339 2107 R.
1385 2111 1398 2128 a

205 2139 250 2145 —
273 2119 363 2152 Edd.
389 2119 545 2152 Mei-lini:
569 2119 746 2167 Phygelus.

298 2175 336 2219 ³)
361 2175 375 2206 1
401 2174 490 2207 Tim.
514 2176 541 2215 I,
563 2177 618 2210 20.
759 2174 796 2220 ⁴)
819 2175 884 2210 Ed.
908 2175 1034 2209 Ruaei:
1057 2188 1122 2209 nec
1145 2183 1184 2208 ut
1207 2183 1268 2208 etc.

301 2231 336 2273 ⁵)
360 2230 376 2262 I
400 2229 490 2263 Tim.
514 2230 539 2269 I,
563 2231 617 2264 20.
756 2230 794 2275 ⁶)
818 2231 908 2267 Edd.
932 2230 1088 2264 Merlini:
1110 2229 1160 2268 iis.
1269 2267 1276 2275 ¹

297 2285 335 2328 ⁷)
359 2286 459 2319 Num.
483 2284 613 2326 XXIV,
638 2287 692 2322 23.
716 2286 770 2320 24.
866 2287 903 2331 ⁸)
928 2286 1030 2321 Num.
1052 2285 1182 2327 XXIV,
1199 2287 1258 2322 23.

1416 2327 1427 2388 't

1347 2397 1362 2426 '
1406 2402 1427 2460 Η
