1427 2460
231 77 277 114 80
712 76 890 111 Onu-‚ms

234 171 326 209 dant,
349 177 478 202 certum
503 176 551 201 est
572 180 644 200 non
668 179 737 200 esse
760 166 797 201 in
820 167 920 201 nobis
944 166 1069 201 Mosen
1094 176 1126 201 et
1151 168 1286 210 Aaron,
1319 169 1372 204 le-

232 231 279 274 gis
303 230 429 264 scilicet
449 224 624 263 scientiam
651 239 683 263 et
708 230 836 262 fructus
862 229 1100 275 poenitentiae,
1123 243 1186 275 per
1209 244 1295 275 quos
1316 231 1371 264 in-

232 293 369 325 teritum
402 291 609 324 imminentis
643 290 732 324 exitii
761 291 928 335 possimus
962 291 1112 325 evadere.
1173 291 1251 325 Hoc
1281 301 1367 336 puto

233 354 392 387 accidisse
417 355 517 386 etiam
549 353 682 397 populo
714 351 781 391 illi,
820 351 878 396 qui
907 353 970 385 fuit
1004 362 1081 386 ante
1115 366 1195 394 nos,
1230 354 1369 398 quando

234 428 352 448 omnes
383 414 695 458 declinaverunt,¹)
730 426 847 447 omnes
878 413 977 446 simul
1006 414 1140 448 inutiles
1172 414 1251 448 facti
1279 423 1371 456 sunt,

233 487 264 511 et
295 490 367 510 non
397 475 476 517 suit,
516 476 574 520 qui
598 477 723 508 faceret
753 475 956 515 honitatem,
990 489 1063 508 non
1094 475 1158 509 suit
1188 489 1295 521 usque
1325 477 1372 509 ad.

230 553 350 574 unum.
397 538 434 571 Si
463 537 553 570 enim
577 537 700 577 fuisset,
723 550 898 581 nunquam
916 536 1031 582 utique
1056 537 1287 582 dereliquisset
1310 551 1369 572 eos

230 602 335 634 Deus.
383 600 453 633 Sed
478 608 509 631 et
531 612 594 632 nos
617 599 820 647 timeamus,
841 612 886 632 ne
915 600 1004 631 sorte
1033 599 1141 632 simile
1165 599 1294 644 aliquid
1318 600 1371 633 in-

229 663 383 696 veniatur
405 662 440 695 in
464 660 576 693 nobis.
624 660 746 693 Timeo
772 660 862 693 enim
885 661 978 694 illam
1002 660 1218 702 sententiam,
1241 660 1277 694 in
1303 673 1370 705 qua

230 724 404 758 Dominus
427 732 458 756 et
482 723 639 756 Salvator
660 731 786 763 noster,
811 722 869 767 qui
893 732 1013 756 cuncta
1035 723 1247 768 praenoscit,
1273 722 1369 767 quasi

232 786 390 820 dubitans
423 784 520 817 dicit:
555 784 722 829 ‚,putas²)
753 785 890 818 veniens
920 784 1009 818 filius
1039 784 1188 818 hominis
1219 784 1369 818 inveniet

229 849 335 881 fidem
364 859 466 891 super
498 846 670 880 terram?“
728 846 901 879 Jubentur
932 859 1011 888 ergo
1041 846 1157 880 Moses
1188 855 1220 879 et
1249 848 1370 879 Aaron

231 910 319 944 exire
344 909 386 942 de
415 907 530 941 medio
562 920 767 955 synagogae,
812 916 850 940 ut
882 907 1094 940 interimatur
1127 920 1295 955 synagoga
1325 909 1370 942 de

229 973 342 1006 semel.
379 970 448 1003 Sed
471 968 654 1008 videamus,
680 969 762 1012 quid
779 968 831 1001 isti
849 969 994 1002 faciunt:
1008 969 1045 1014 ³)
1063 970 1267 1009 sanctisunt,
1289 982 1370 1015 per-

229 1033 308 1066 fecti
330 1041 417 1071 sunt,
442 1040 475 1063 et
506 1031 582 1075 plus
612 1030 717 1072 magis
745 1030 919 1072 Evangelii
950 1031 1108 1076 discipuli
1140 1045 1244 1076 quam
1275 1031 1367 1074 legis,

194 1136 198 1141 Ι
230 1104 263 1127 et
285 1095 363 1127 ideo
389 1092 531 1135 diligunt
547 1092 648 1125 etiam
671 1091 829 1124 inimicos
853 1105 940 1132 suos,
967 1102 1067 1137 atque
1091 1101 1192 1126 orant
1206 1106 1270 1137 pro
1288 1105 1369 1137 per-

227 1155 439 1190 secutoribus
462 1153 539 1187 suis.
592 1152 663 1185 Illis
687 1152 778 1185 enim
801 1153 1042 1194 saevientibus,
1072 1163 1111 1187 ut
1141 1153 1370 1187 interficerent

229 1232 297 1259 eos,
319 1217 373 1250 isti
396 1215 581 1261 procidunt
603 1213 638 1247 in
663 1215 786 1248 faciem
809 1228 905 1249 suam
927 1228 1029 1261 super
1055 1225 1190 1250 terram.

318 1280 353 1317 4,
375 1278 439 1319 „Et
452 1277 488 1322 ⁴²)
519 1276 565 1310 ait
595 1276 709 1310 Moses
733 1277 777 1309 ad
800 1277 934 1310 Aaron:
968 1290 1101 1311 assume
1130 1277 1305 1318 batillum,
1335 1285 1369 1310 et

226 1343 370 1387 impone
393 1351 496 1383 super
517 1338 604 1370 illud
627 1337 739 1379 ignem
765 1339 807 1371 ab
831 1339 945 1379 altari,
977 1348 1009 1372 et
1036 1338 1139 1384 injice
1167 1339 1218 1372 illi
1248 1341 1367 1372 incen-

227 1417 314 1444 sum,
338 1411 370 1435 et
393 1402 477 1434 effer
499 1399 660 1433 velociter
682 1399 718 1431 in
744 1409 866 1440 castra,
901 1409 932 1433 et
956 1413 1056 1433 exora
1079 1413 1143 1445 pro
1167 1398 1263 1444 ipsis:
1289 1399 1366 1433 exiit

228 1466 318 1497 enim
342 1463 392 1496 ira
419 1475 437 1495 a
462 1470 644 1506 conspectu
667 1460 823 1502 Domini,
855 1470 888 1494 et
910 1461 979 1507 jam
1013 1462 1126 1506 coepit
1149 1470 1276 1494 vastare
1298 1475 1365 1506 po-

227 1527 380 1571 pulum.“
426 1523 555 1555 Verum
580 1521 743 1567 quoniam
767 1522 803 1555 in
827 1523 889 1556 hos
913 1524 1128 1568 pervenimus
1151 1524 1258 1563 locos,
1281 1523 1361 1556 volo

228 1588 272 1620 de
294 1586 445 1619 bonitate
468 1585 536 1617 Dei
555 1585 739 1617 admonere
759 1583 941 1628 discipulos
960 1584 1095 1624 Christi,
1118 1596 1163 1617 ne
1187 1585 1259 1629 quis
1274 1585 1364 1618 forte

225 1658 375 1681 vestrum
410 1648 453 1680 ab
486 1645 659 1679 haereticis
689 1645 931 1685 conturbetur,
963 1645 991 1679 si
1022 1646 1161 1690 quando
1192 1655 1364 1679 certamen

225 1709 395 1749 inciderit,
418 1709 482 1742 illis
509 1706 707 1746 dicentibus,
731 1706 896 1751 quoniam
916 1707 1009 1740 Deus
1029 1706 1110 1748 legis
1128 1719 1201 1739 non
1226 1716 1275 1740 est
1297 1708 1364 1741 bo-
1400 1735 1411 1750 'A

225 1786 301 1811 nus,
322 1772 382 1805 sed
404 1770 520 1817 justus,
544 1778 576 1801 et
599 1768 706 1802 BIosis
729 1767 782 1800 lex
804 1781 878 1801 non
901 1767 1087 1801 bonitatem
1112 1768 1280 1810 continet,
1301 1770 1362 1803 sed
1408 1772 1411 1779 ‘

224 1832 397 1880 justitiam.
443 1830 589 1864 Videant
623 1842 721 1872 ergo,
753 1828 812 1873 qui
840 1829 956 1862 Deum
986 1830 1112 1874 pariter
1141 1829 1364 1864 criminantur

227 1906 259 1929 et
280 1895 400 1939 legem,
424 1892 602 1939 quomodo
626 1891 739 1926 Moses
761 1890 835 1935 ipse
858 1900 890 1924 et
912 1892 1030 1925 Aaron
1052 1892 1184 1938 priores
1208 1894 1361 1926 fecerunt
1404 1922 1407 1923 γ

319 2062 354 2105 ¹)
381 2061 450 2095 Cfr.
474 2061 598 2098 psalm,
623 2061 717 2101 XIV,
739 2060 771 2095 3.
795 2059 926 2105 (XIII.)

316 2116 354 2161 ²)
377 2117 459 2150 Luc.
480 2117 607 2157 XVIII,
629 2117 663 2153 8.

315 2173 353 2217 ³)
378 2173 433 2206 Sic
457 2173 537 2205 Mss.
561 2173 656 2205 Libri
689 2182 802 2206 autem
827 2171 907 2206 editi
940 2171 988 2216 (e.
1016 2184 1044 2204 c.
1067 2170 1144 2204 edd.
1169 2168 1257 2218 M.):
1287 2170 1359 2210 „fa-

226 2218 327 2258 ciunt,
352 2217 411 2262 qui
433 2217 539 2250 sancti
561 2221 670 2250 sunt.“
693 2218 733 2251 R.

316 2271 354 2318 ⁴)
376 2274 479 2307 Num.
505 2273 599 2314 XVI,
621 2273 674 2308 46.
