<?xml version="1.0" encoding="UTF-8"?>
<!DOCTYPE html PUBLIC "-//W3C//DTD XHTML 1.0 Transitional//EN"
    "http://www.w3.org/TR/xhtml1/DTD/xhtml1-transitional.dtd">
<html xmlns="http://www.w3.org/1999/xhtml" xml:lang="en" lang="en">
 <head>
  <title>
</title>
<meta http-equiv="Content-Type" content="text/html;charset=utf-8" />
  <meta name='ocr-system' content='tesseract 3.04.00' />
  <meta name='ocr-capabilities' content='ocr_page ocr_carea ocr_par ocr_line ocrx_word'/>
</head>
<body>
  <div class='ocr_page' id='page_1' title='image "./operaomniaquaegr10orig_0326.png"; bbox 0 0 1427 2460; ppageno 0'>
   <div class='ocr_carea' id='block_1_1' title="bbox 235 75 887 111">
    <p class='ocr_par' dir='ltr' id='par_1_1' title="bbox 235 75 887 111">
     <span class='ocr_line' id='line_1_1' title="bbox 235 75 887 111; baseline -0.003 0"><span class='ocrx_word' id='word_1_1' title='bbox 235 77 302 111; x_wconf 78' lang='lat'><strong>304</strong></span> <span class='ocrx_word' id='word_1_2' title='bbox 711 75 887 110; x_wconf 72' lang='lat' dir='ltr'><strong>Omenms</strong></span> 
     </span>
    </p>
   </div>
   <div class='ocr_carea' id='block_1_2' title="bbox 214 165 1399 2068">
    <p class='ocr_par' dir='ltr' id='par_1_2' title="bbox 214 165 1399 2068">
     <span class='ocr_line' id='line_1_2' title="bbox 232 165 1363 212; baseline 0.002 -12"><span class='ocrx_word' id='word_1_3' title='bbox 232 166 406 200; x_wconf 84' lang='lat' dir='ltr'><strong>Domino:</strong></span> <span class='ocrx_word' id='word_1_4' title='bbox 439 166 488 199; x_wconf 76' lang='lat' dir='ltr'><strong>illi</strong></span> <span class='ocrx_word' id='word_1_5' title='bbox 518 165 656 210; x_wconf 81' lang='lat' dir='ltr'><strong>quidem</strong></span> <span class='ocrx_word' id='word_1_6' title='bbox 688 179 753 211; x_wconf 87' lang='lat' dir='ltr'><strong>pro</strong></span> <span class='ocrx_word' id='word_1_7' title='bbox 783 175 925 210; x_wconf 79' lang='lat' dir='ltr'><strong>peccato</strong></span> <span class='ocrx_word' id='word_1_8' title='bbox 955 178 1018 200; x_wconf 91' lang='lat' dir='ltr'><strong>suo</strong></span> <span class='ocrx_word' id='word_1_9' title='bbox 1052 167 1266 212; x_wconf 81' lang='lat' dir='ltr'><strong>pertulerunt</strong></span> <span class='ocrx_word' id='word_1_10' title='bbox 1291 168 1363 203; x_wconf 86' lang='lat' dir='ltr'><strong>vin-</strong></span> 
     </span>
     <span class='ocr_line' id='line_1_3' title="bbox 234 227 1396 274; baseline 0.003 -13"><span class='ocrx_word' id='word_1_11' title='bbox 234 228 377 269; x_wconf 82' lang='lat' dir='ltr'><strong>dictam,</strong></span> <span class='ocrx_word' id='word_1_12' title='bbox 413 227 616 261; x_wconf 78' lang='lat' dir='ltr'><strong>mediocrius</strong></span> <span class='ocrx_word' id='word_1_13' title='bbox 646 236 759 260; x_wconf 84' lang='lat' dir='ltr'><strong>tamen</strong></span> <span class='ocrx_word' id='word_1_14' title='bbox 793 237 826 261; x_wconf 72' lang='lat' dir='ltr'><strong>ct</strong></span> <span class='ocrx_word' id='word_1_15' title='bbox 857 228 1009 274; x_wconf 79' lang='lat' dir='ltr'><strong>parcius:</strong></span> <span class='ocrx_word' id='word_1_16' title='bbox 1043 229 1078 263; x_wconf 85' lang='lat' dir='ltr'><strong>hi</strong></span> <span class='ocrx_word' id='word_1_17' title='bbox 1105 242 1204 269; x_wconf 85' lang='lat' dir='ltr'><strong>vero,</strong></span> <span class='ocrx_word' id='word_1_18' title='bbox 1235 230 1295 274; x_wconf 86' lang='lat' dir='ltr'><strong>qui</strong></span> <span class='ocrx_word' id='word_1_19' title='bbox 1327 230 1365 264; x_wconf 75' lang='lat' dir='ltr'><strong>iis</strong></span> <span class='ocrx_word' id='word_1_20' title='bbox 1388 261 1396 266; x_wconf 88' lang='grc'><strong><em>,</em></strong></span> 
     </span>
     <span class='ocr_line' id='line_1_4' title="bbox 232 288 1399 337; baseline 0.001 -13"><span class='ocrx_word' id='word_1_21' title='bbox 232 292 370 324; x_wconf 80' lang='lat' dir='ltr'><strong>suerunt</strong></span> <span class='ocrx_word' id='word_1_22' title='bbox 410 302 507 322; x_wconf 75' lang='lat' dir='ltr'><strong>causa</strong></span> <span class='ocrx_word' id='word_1_23' title='bbox 542 288 726 333; x_wconf 79' lang='lat' dir='ltr'><strong>peccandi,</strong></span> <span class='ocrx_word' id='word_1_24' title='bbox 765 290 875 323; x_wconf 90' lang='lat' dir='ltr'><strong>multo</strong></span> <span class='ocrx_word' id='word_1_25' title='bbox 911 291 1156 325; x_wconf 84' lang='lat' dir='ltr'><strong>vehementiori</strong></span> <span class='ocrx_word' id='word_1_26' title='bbox 1190 290 1368 337; x_wconf 83' lang='lat' dir='ltr'><strong>subjacent</strong></span> <span class='ocrx_word' id='word_1_27' title='bbox 1391 292 1399 296; x_wconf 60' lang='lat'><strong><em>‘</em></strong></span> 
     </span>
     <span class='ocr_line' id='line_1_5' title="bbox 233 351 1366 396; baseline 0.001 -10"><span class='ocrx_word' id='word_1_28' title='bbox 233 352 365 386; x_wconf 84' lang='lat' dir='ltr'><strong>ultioni.</strong></span> <span class='ocrx_word' id='word_1_29' title='bbox 421 351 525 384; x_wconf 85' lang='lat' dir='ltr'><strong>Unde</strong></span> <span class='ocrx_word' id='word_1_30' title='bbox 559 351 762 391; x_wconf 83' lang='lat' dir='ltr'><strong>edocemur,</strong></span> <span class='ocrx_word' id='word_1_31' title='bbox 802 352 880 396; x_wconf 84' lang='lat' dir='ltr'><strong>quia</strong></span> <span class='ocrx_word' id='word_1_32' title='bbox 919 353 1021 396; x_wconf 85' lang='lat' dir='ltr'><strong>longe</strong></span> <span class='ocrx_word' id='word_1_33' title='bbox 1059 353 1101 387; x_wconf 88' lang='lat' dir='ltr'><strong>sit</strong></span> <span class='ocrx_word' id='word_1_34' title='bbox 1132 353 1262 395; x_wconf 86' lang='lat' dir='ltr'><strong>gravius</strong></span> <span class='ocrx_word' id='word_1_35' title='bbox 1293 354 1366 388; x_wconf 75' lang='lat' dir='ltr'><strong>aliis</strong></span> 
     </span>
     <span class='ocr_line' id='line_1_6' title="bbox 231 412 1366 460; baseline 0.002 -14"><span class='ocrx_word' id='word_1_36' title='bbox 231 427 366 446; x_wconf 77' lang='lat' dir='ltr'><strong>causam</strong></span> <span class='ocrx_word' id='word_1_37' title='bbox 406 414 571 458; x_wconf 80' lang='lat' dir='ltr'><strong>praebere</strong></span> <span class='ocrx_word' id='word_1_38' title='bbox 611 412 757 458; x_wconf 82' lang='lat' dir='ltr'><strong>peccati,</strong></span> <span class='ocrx_word' id='word_1_39' title='bbox 798 426 900 457; x_wconf 85' lang='lat' dir='ltr'><strong>quam</strong></span> <span class='ocrx_word' id='word_1_40' title='bbox 939 413 1051 458; x_wconf 88' lang='lat' dir='ltr'><strong>ipsum</strong></span> <span class='ocrx_word' id='word_1_41' title='bbox 1082 428 1366 460; x_wconf 82' lang='lat' dir='ltr'><strong>unumquemque</strong></span> 
     </span>
     <span class='ocr_line' id='line_1_7' title="bbox 231 475 1365 522; baseline 0.002 -14"><span class='ocrx_word' id='word_1_42' title='bbox 231 488 391 521; x_wconf 80' lang='lat' dir='ltr'><strong>peccare:</strong></span> <span class='ocrx_word' id='word_1_43' title='bbox 436 475 521 510; x_wconf 72' lang='lat' dir='ltr'><strong>sicut</strong></span> <span class='ocrx_word' id='word_1_44' title='bbox 558 484 590 508; x_wconf 86' lang='lat' dir='ltr'><strong>et</strong></span> <span class='ocrx_word' id='word_1_45' title='bbox 623 475 794 508; x_wconf 77' lang='lat' dir='ltr'>Dominus</span> <span class='ocrx_word' id='word_1_46' title='bbox 835 475 1003 518; x_wconf 82' lang='lat' dir='ltr'><strong>designat,</strong></span> <span class='ocrx_word' id='word_1_47' title='bbox 1039 490 1117 511; x_wconf 86' lang='lat' dir='ltr'><strong>cum</strong></span> <span class='ocrx_word' id='word_1_48' title='bbox 1149 477 1248 518; x_wconf 85' lang='lat' dir='ltr'><strong>dicit,</strong></span> <span class='ocrx_word' id='word_1_49' title='bbox 1285 477 1365 522; x_wconf 78' lang='lat' dir='ltr'><strong>quia</strong></span> 
     </span>
     <span class='ocr_line' id='line_1_8' title="bbox 230 536 1365 582; baseline 0.001 -12"><span class='ocrx_word' id='word_1_50' title='bbox 230 537 377 578; x_wconf 78' lang='lat' dir='ltr'><strong>„melius</strong></span> <span class='ocrx_word' id='word_1_51' title='bbox 396 537 429 581; x_wconf 75' lang='lat'><strong>¹)</strong></span> <span class='ocrx_word' id='word_1_52' title='bbox 460 538 572 570; x_wconf 81' lang='lat' dir='ltr'><strong>suerat</strong></span> <span class='ocrx_word' id='word_1_53' title='bbox 601 536 734 570; x_wconf 88' lang='lat' dir='ltr'><strong>homini</strong></span> <span class='ocrx_word' id='word_1_54' title='bbox 758 537 807 569; x_wconf 89' lang='lat' dir='ltr'><strong>illi</strong></span> <span class='ocrx_word' id='word_1_55' title='bbox 832 550 904 570; x_wconf 86' lang='lat' dir='ltr'><strong>non</strong></span> <span class='ocrx_word' id='word_1_56' title='bbox 928 537 1059 578; x_wconf 84' lang='lat' dir='ltr'><strong>nasci,“</strong></span> <span class='ocrx_word' id='word_1_57' title='bbox 1083 548 1140 573; x_wconf 85' lang='lat' dir='ltr'><strong>aut</strong></span> <span class='ocrx_word' id='word_1_58' title='bbox 1160 539 1309 579; x_wconf 86' lang='lat' dir='ltr'><strong>„molam</strong></span> <span class='ocrx_word' id='word_1_59' title='bbox 1326 538 1365 582; x_wconf 83' lang='grc'><strong>2)</strong></span> 
     </span>
     <span class='ocr_line' id='line_1_9' title="bbox 232 598 1363 645; baseline 0 -13"><span class='ocrx_word' id='word_1_60' title='bbox 232 599 409 633; x_wconf 70' lang='lat' dir='ltr'>asinariam</span> <span class='ocrx_word' id='word_1_61' title='bbox 451 598 578 640; x_wconf 78' lang='lat' dir='ltr'><strong>alligari</strong></span> <span class='ocrx_word' id='word_1_62' title='bbox 611 599 698 631; x_wconf 80' lang='lat' dir='ltr'><strong>circa</strong></span> <span class='ocrx_word' id='word_1_63' title='bbox 729 598 857 631; x_wconf 89' lang='lat' dir='ltr'><strong>collum</strong></span> <span class='ocrx_word' id='word_1_64' title='bbox 890 598 978 645; x_wconf 83' lang='lat' dir='ltr'><strong>ejus,</strong></span> <span class='ocrx_word' id='word_1_65' title='bbox 1017 609 1049 632; x_wconf 89' lang='lat' dir='ltr'><strong>et</strong></span> <span class='ocrx_word' id='word_1_66' title='bbox 1082 600 1298 645; x_wconf 84' lang='lat' dir='ltr'><strong>praecipitari</strong></span> <span class='ocrx_word' id='word_1_67' title='bbox 1327 599 1363 632; x_wconf 89' lang='lat' dir='ltr'><strong>in</strong></span> 
     </span>
     <span class='ocr_line' id='line_1_10' title="bbox 229 660 1363 706; baseline 0.001 -13"><span class='ocrx_word' id='word_1_68' title='bbox 229 662 443 706; x_wconf 80' lang='lat' dir='ltr'><strong>profundum</strong></span> <span class='ocrx_word' id='word_1_69' title='bbox 473 660 593 703; x_wconf 77' lang='lat' dir='ltr'><strong>maris,</strong></span> <span class='ocrx_word' id='word_1_70' title='bbox 625 673 725 705; x_wconf 87' lang='lat' dir='ltr'><strong>quam</strong></span> <span class='ocrx_word' id='word_1_71' title='bbox 751 670 788 693; x_wconf 90' lang='lat' dir='ltr'><strong>ut</strong></span> <span class='ocrx_word' id='word_1_72' title='bbox 811 662 1015 695; x_wconf 81' lang='lat' dir='ltr'><strong>scandalizet</strong></span> <span class='ocrx_word' id='word_1_73' title='bbox 1036 675 1143 695; x_wconf 88' lang='lat' dir='ltr'><strong>unum</strong></span> <span class='ocrx_word' id='word_1_74' title='bbox 1169 663 1212 695; x_wconf 84' lang='lat' dir='ltr'><strong>de</strong></span> <span class='ocrx_word' id='word_1_75' title='bbox 1233 661 1363 706; x_wconf 74' lang='lat' dir='ltr'>pusillis</span> 
     </span>
     <span class='ocr_line' id='line_1_11' title="bbox 228 723 1363 769; baseline -0.001 -13"><span class='ocrx_word' id='word_1_76' title='bbox 228 724 330 756; x_wconf 78' lang='lat' dir='ltr'><strong>istis.“</strong></span> <span class='ocrx_word' id='word_1_77' title='bbox 378 723 556 768; x_wconf 82' lang='lat' dir='ltr'>Simulque</span> <span class='ocrx_word' id='word_1_78' title='bbox 587 723 829 755; x_wconf 80' lang='lat' dir='ltr'><strong>advertendum</strong></span> <span class='ocrx_word' id='word_1_79' title='bbox 857 733 921 763; x_wconf 88' lang='lat' dir='ltr'><strong>est,</strong></span> <span class='ocrx_word' id='word_1_80' title='bbox 950 723 1113 768; x_wconf 87' lang='lat' dir='ltr'><strong>quoniam</strong></span> <span class='ocrx_word' id='word_1_81' title='bbox 1137 723 1274 769; x_wconf 79' lang='lat' dir='ltr'><strong>quidem</strong></span> <span class='ocrx_word' id='word_1_82' title='bbox 1299 736 1363 756; x_wconf 87' lang='lat' dir='ltr'><strong>no·-</strong></span> 
     </span>
     <span class='ocr_line' id='line_1_12' title="bbox 227 784 1362 831; baseline 0 -14"><span class='ocrx_word' id='word_1_83' title='bbox 227 799 307 818; x_wconf 82' lang='lat' dir='ltr'><strong>men</strong></span> <span class='ocrx_word' id='word_1_84' title='bbox 351 785 503 818; x_wconf 81' lang='lat' dir='ltr'>scandali</span> <span class='ocrx_word' id='word_1_85' title='bbox 547 799 564 817; x_wconf 86' lang='lat' dir='ltr'><strong>a</strong></span> <span class='ocrx_word' id='word_1_86' title='bbox 601 785 778 818; x_wconf 81' lang='lat' dir='ltr'><strong>nonnullis</strong></span> <span class='ocrx_word' id='word_1_87' title='bbox 813 784 1087 830; x_wconf 81' lang='lat' dir='ltr'><strong>incompetenter</strong></span> <span class='ocrx_word' id='word_1_88' title='bbox 1124 785 1362 831; x_wconf 77' lang='lat' dir='ltr'><strong>praesumitur.</strong></span> 
     </span>
     <span class='ocr_line' id='line_1_13' title="bbox 226 847 1363 889; baseline -0.001 -9"><span class='ocrx_word' id='word_1_89' title='bbox 226 848 314 881; x_wconf 86' lang='lat' dir='ltr'><strong>Illud</strong></span> <span class='ocrx_word' id='word_1_90' title='bbox 347 847 449 889; x_wconf 85' lang='lat' dir='ltr'><strong>igitur</strong></span> <span class='ocrx_word' id='word_1_91' title='bbox 480 848 681 880; x_wconf 85' lang='lat' dir='ltr'><strong>scandalum</strong></span> <span class='ocrx_word' id='word_1_92' title='bbox 711 847 850 888; x_wconf 78' lang='lat' dir='ltr'><strong>dicitur,</strong></span> <span class='ocrx_word' id='word_1_93' title='bbox 881 848 941 880; x_wconf 89' lang='lat' dir='ltr'><strong>ubi</strong></span> <span class='ocrx_word' id='word_1_94' title='bbox 973 857 1066 881; x_wconf 84' lang='lat' dir='ltr'><strong>recto</strong></span> <span class='ocrx_word' id='word_1_95' title='bbox 1096 847 1215 880; x_wconf 87' lang='lat' dir='ltr'><strong>itinere</strong></span> <span class='ocrx_word' id='word_1_96' title='bbox 1241 848 1363 880; x_wconf 85' lang='lat' dir='ltr'><strong>ambu-</strong></span> 
     </span>
     <span class='ocr_line' id='line_1_14' title="bbox 226 907 1362 954; baseline -0.002 -12"><span class='ocrx_word' id='word_1_97' title='bbox 226 911 308 942; x_wconf 84' lang='lat' dir='ltr'><strong>lanti</strong></span> <span class='ocrx_word' id='word_1_98' title='bbox 341 909 496 954; x_wconf 84' lang='lat' dir='ltr'><strong>deceptio</strong></span> <span class='ocrx_word' id='word_1_99' title='bbox 528 909 639 953; x_wconf 81' lang='lat' dir='ltr'><strong>aliqua</strong></span> <span class='ocrx_word' id='word_1_100' title='bbox 672 908 848 942; x_wconf 85' lang='lat' dir='ltr'><strong>instruitur</strong></span> <span class='ocrx_word' id='word_1_101' title='bbox 871 910 914 942; x_wconf 87' lang='lat' dir='ltr'><strong>ad</strong></span> <span class='ocrx_word' id='word_1_102' title='bbox 939 910 1170 954; x_wconf 87' lang='lat' dir='ltr'><strong>peccandum,</strong></span> <span class='ocrx_word' id='word_1_103' title='bbox 1202 919 1235 942; x_wconf 81' lang='lat' dir='ltr'><strong>et</strong></span> <span class='ocrx_word' id='word_1_104' title='bbox 1256 907 1362 954; x_wconf 86' lang='lat' dir='ltr'><strong>subji-</strong></span> 
     </span>
     <span class='ocr_line' id='line_1_15' title="bbox 227 965 1360 1016; baseline -0.002 -11"><span class='ocrx_word' id='word_1_105' title='bbox 227 973 315 1005; x_wconf 85' lang='lat' dir='ltr'><strong>citur</strong></span> <span class='ocrx_word' id='word_1_106' title='bbox 339 984 436 1005; x_wconf 84' lang='lat' dir='ltr'><strong>causa</strong></span> <span class='ocrx_word' id='word_1_107' title='bbox 463 972 608 1016; x_wconf 85' lang='lat' dir='ltr'><strong>peccati:</strong></span> <span class='ocrx_word' id='word_1_108' title='bbox 636 969 721 1004; x_wconf 86' lang='lat' dir='ltr'><strong>sicut</strong></span> <span class='ocrx_word' id='word_1_109' title='bbox 742 980 775 1003; x_wconf 83' lang='lat' dir='ltr'><strong>et</strong></span> <span class='ocrx_word' id='word_1_110' title='bbox 795 971 1020 1012; x_wconf 66' lang='lat' dir='ltr'><strong>B&#39;Iadianitae,</strong></span> <span class='ocrx_word' id='word_1_111' title='bbox 1047 965 1300 1005; x_wconf 62' lang='lat' dir='ltr'><strong>ambulantibus</strong></span> <span class='ocrx_word' id='word_1_112' title='bbox 1325 971 1360 1004; x_wconf 91' lang='lat' dir='ltr'><strong>in</strong></span> 
     </span>
     <span class='ocr_line' id='line_1_16' title="bbox 225 1032 1359 1076; baseline -0.001 -10"><span class='ocrx_word' id='word_1_113' title='bbox 225 1035 296 1076; x_wconf 81' lang='lat' dir='ltr'><strong>lege</strong></span> <span class='ocrx_word' id='word_1_114' title='bbox 319 1033 465 1066; x_wconf 85' lang='lat' dir='ltr'><strong>Domini</strong></span> <span class='ocrx_word' id='word_1_115' title='bbox 497 1032 671 1072; x_wconf 83' lang='lat' dir='ltr'><strong>Israelitis,</strong></span> <span class='ocrx_word' id='word_1_116' title='bbox 701 1042 733 1065; x_wconf 88' lang='lat' dir='ltr'><strong>et</strong></span> <span class='ocrx_word' id='word_1_117' title='bbox 758 1033 1028 1067; x_wconf 76' lang='lat' dir='ltr'><strong>custodientibus</strong></span> <span class='ocrx_word' id='word_1_118' title='bbox 1051 1033 1255 1072; x_wconf 85' lang='lat' dir='ltr'><strong>castitatem,</strong></span> <span class='ocrx_word' id='word_1_119' title='bbox 1278 1033 1359 1066; x_wconf 92' lang='lat' dir='ltr'><strong>sub-</strong></span> 
     </span>
     <span class='ocr_line' id='line_1_17' title="bbox 224 1095 1360 1140; baseline -0.002 -11"><span class='ocrx_word' id='word_1_120' title='bbox 224 1104 430 1129; x_wconf 79' lang='lat' dir='ltr'><strong>ornaverunt</strong></span> <span class='ocrx_word' id='word_1_121' title='bbox 456 1095 632 1133; x_wconf 87' lang='lat' dir='ltr'><strong>mulieres,</strong></span> <span class='ocrx_word' id='word_1_122' title='bbox 657 1107 743 1139; x_wconf 84' lang='lat' dir='ltr'><strong>quae</strong></span> <span class='ocrx_word' id='word_1_123' title='bbox 767 1108 824 1128; x_wconf 91' lang='lat' dir='ltr'><strong>eos</strong></span> <span class='ocrx_word' id='word_1_124' title='bbox 850 1095 1046 1140; x_wconf 78' lang='lat' dir='ltr'><strong>deciperent</strong></span> <span class='ocrx_word' id='word_1_125' title='bbox 1070 1096 1113 1128; x_wconf 86' lang='lat' dir='ltr'><strong>ad</strong></span> <span class='ocrx_word' id='word_1_126' title='bbox 1138 1095 1360 1140; x_wconf 86' lang='lat' dir='ltr'><strong>peccandum.</strong></span> 
     </span>
     <span class='ocr_line' id='line_1_18' title="bbox 225 1152 1358 1201; baseline -0.003 -9"><span class='ocrx_word' id='word_1_127' title='bbox 225 1158 370 1192; x_wconf 78' lang='lat' dir='ltr'><strong>Causam</strong></span> <span class='ocrx_word' id='word_1_128' title='bbox 413 1170 492 1199; x_wconf 82' lang='lat' dir='ltr'><strong>ergo</strong></span> <span class='ocrx_word' id='word_1_129' title='bbox 536 1157 702 1201; x_wconf 85' lang='lat' dir='ltr'><strong>praebere</strong></span> <span class='ocrx_word' id='word_1_130' title='bbox 743 1156 889 1201; x_wconf 77' lang='lat' dir='ltr'><strong>peccati,</strong></span> <span class='ocrx_word' id='word_1_131' title='bbox 932 1158 997 1189; x_wconf 87' lang='lat' dir='ltr'><strong>hoc</strong></span> <span class='ocrx_word' id='word_1_132' title='bbox 1040 1166 1086 1190; x_wconf 86' lang='lat' dir='ltr'><strong>est</strong></span> <span class='ocrx_word' id='word_1_133' title='bbox 1119 1152 1358 1190; x_wconf 82' lang='lat' dir='ltr'><strong>scandalizare.</strong></span> 
     </span>
     <span class='ocr_line' id='line_1_19' title="bbox 222 1218 1360 1260; baseline 0 -9"><span class='ocrx_word' id='word_1_134' title='bbox 222 1221 350 1253; x_wconf 82' lang='lat' dir='ltr'><strong>Verum</strong></span> <span class='ocrx_word' id='word_1_135' title='bbox 381 1229 495 1252; x_wconf 82' lang='lat' dir='ltr'><strong>tamen</strong></span> <span class='ocrx_word' id='word_1_136' title='bbox 528 1219 628 1252; x_wconf 69' lang='lat' dir='ltr'><strong>datur</strong></span> <span class='ocrx_word' id='word_1_137' title='bbox 657 1218 821 1258; x_wconf 81' lang='lat' dir='ltr'><strong>vindicta,</strong></span> <span class='ocrx_word' id='word_1_138' title='bbox 855 1218 915 1252; x_wconf 81' lang='lat' dir='ltr'><strong>sed</strong></span> <span class='ocrx_word' id='word_1_139' title='bbox 939 1220 1048 1252; x_wconf 86' lang='lat' dir='ltr'><strong>multo</strong></span> <span class='ocrx_word' id='word_1_140' title='bbox 1073 1218 1208 1260; x_wconf 81' lang='lat' dir='ltr'><strong>gravior</strong></span> <span class='ocrx_word' id='word_1_141' title='bbox 1230 1218 1265 1251; x_wconf 90' lang='lat' dir='ltr'><strong>in</strong></span> <span class='ocrx_word' id='word_1_142' title='bbox 1291 1231 1360 1259; x_wconf 88' lang='lat' dir='ltr'><strong>eos,</strong></span> 
     </span>
     <span class='ocr_line' id='line_1_20' title="bbox 223 1280 1371 1329; baseline -0.001 -14"><span class='ocrx_word' id='word_1_143' title='bbox 223 1282 281 1327; x_wconf 84' lang='lat' dir='ltr'><strong>qui</strong></span> <span class='ocrx_word' id='word_1_144' title='bbox 303 1282 632 1320; x_wconf 80' lang='lat' dir='ltr'><strong>scandalizaverunt,</strong></span> <span class='ocrx_word' id='word_1_145' title='bbox 666 1290 697 1313; x_wconf 88' lang='lat' dir='ltr'><strong>et</strong></span> <span class='ocrx_word' id='word_1_146' title='bbox 721 1280 779 1325; x_wconf 90' lang='lat' dir='ltr'><strong>qui</strong></span> <span class='ocrx_word' id='word_1_147' title='bbox 805 1293 938 1329; x_wconf 86' lang='lat' dir='ltr'><strong>causam</strong></span> <span class='ocrx_word' id='word_1_148' title='bbox 964 1280 1095 1326; x_wconf 84' lang='lat' dir='ltr'><strong>peccati</strong></span> <span class='ocrx_word' id='word_1_149' title='bbox 1118 1281 1371 1326; x_wconf 30' lang='lat' dir='ltr'><strong>praebuerunt..</strong></span> 
     </span>
     <span class='ocr_line' id='line_1_21' title="bbox 222 1341 1359 1389; baseline -0.001 -13"><span class='ocrx_word' id='word_1_150' title='bbox 222 1357 325 1389; x_wconf 75' lang='lat' dir='ltr'><strong>quarn</strong></span> <span class='ocrx_word' id='word_1_151' title='bbox 356 1343 393 1376; x_wconf 89' lang='lat' dir='ltr'><strong>in</strong></span> <span class='ocrx_word' id='word_1_152' title='bbox 426 1357 501 1384; x_wconf 86' lang='lat' dir='ltr'><strong>eos,</strong></span> <span class='ocrx_word' id='word_1_153' title='bbox 539 1341 597 1388; x_wconf 84' lang='lat' dir='ltr'><strong>qui</strong></span> <span class='ocrx_word' id='word_1_154' title='bbox 627 1352 866 1388; x_wconf 80' lang='lat' dir='ltr'><strong>peccaverunt.</strong></span> <span class='ocrx_word' id='word_1_155' title='bbox 918 1342 1029 1376; x_wconf 83' lang='lat' dir='ltr'><strong>Simul</strong></span> <span class='ocrx_word' id='word_1_156' title='bbox 1067 1351 1179 1376; x_wconf 87' lang='lat' dir='ltr'><strong>autem</strong></span> <span class='ocrx_word' id='word_1_157' title='bbox 1213 1352 1244 1376; x_wconf 90' lang='lat' dir='ltr'><strong>et</strong></span> <span class='ocrx_word' id='word_1_158' title='bbox 1271 1341 1359 1375; x_wconf 87' lang='lat' dir='ltr'><strong>illud</strong></span> 
     </span>
     <span class='ocr_line' id='line_1_22' title="bbox 221 1403 1357 1450; baseline -0.002 -11"><span class='ocrx_word' id='word_1_159' title='bbox 221 1407 380 1446; x_wconf 72' lang='lat' dir='ltr'><strong>observa,</strong></span> <span class='ocrx_word' id='word_1_160' title='bbox 412 1406 507 1450; x_wconf 88' lang='lat' dir='ltr'><strong>quod</strong></span> <span class='ocrx_word' id='word_1_161' title='bbox 538 1405 576 1438; x_wconf 88' lang='lat' dir='ltr'><strong>iis</strong></span> <span class='ocrx_word' id='word_1_162' title='bbox 607 1403 765 1450; x_wconf 78' lang='lat' dir='ltr'><strong>subjecit:</strong></span> <span class='ocrx_word' id='word_1_163' title='bbox 795 1404 1050 1448; x_wconf 80' lang='lat' dir='ltr'><strong>‚,n0vissime³)</strong></span> <span class='ocrx_word' id='word_1_164' title='bbox 1075 1414 1204 1445; x_wconf 84' lang='lat' dir='ltr'><strong>autem,</strong></span> <span class='ocrx_word' id='word_1_165' title='bbox 1236 1404 1357 1449; x_wconf 81' lang='lat' dir='ltr'><strong>inquit,</strong></span> 
     </span>
     <span class='ocr_line' id='line_1_23' title="bbox 221 1465 1357 1512; baseline -0.001 -11"><span class='ocrx_word' id='word_1_166' title='bbox 221 1478 252 1501; x_wconf 80' lang='lat' dir='ltr'><strong>et</strong></span> <span class='ocrx_word' id='word_1_167' title='bbox 283 1477 318 1500; x_wconf 92' lang='lat' dir='ltr'><strong>tu</strong></span> <span class='ocrx_word' id='word_1_168' title='bbox 351 1465 536 1512; x_wconf 81' lang='lat' dir='ltr'><strong>apponeris</strong></span> <span class='ocrx_word' id='word_1_169' title='bbox 567 1467 610 1499; x_wconf 82' lang='lat' dir='ltr'><strong>ad</strong></span> <span class='ocrx_word' id='word_1_170' title='bbox 641 1467 812 1511; x_wconf 87' lang='lat' dir='ltr'><strong>populum</strong></span> <span class='ocrx_word' id='word_1_171' title='bbox 844 1469 974 1499; x_wconf 89' lang='lat' dir='ltr'><strong>tuum.“</strong></span> <span class='ocrx_word' id='word_1_172' title='bbox 1023 1466 1060 1499; x_wconf 81' lang='lat' dir='ltr'><strong>Si</strong></span> <span class='ocrx_word' id='word_1_173' title='bbox 1092 1467 1230 1511; x_wconf 85' lang='lat' dir='ltr'><strong>quando</strong></span> <span class='ocrx_word' id='word_1_174' title='bbox 1255 1466 1357 1500; x_wconf 91' lang='lat' dir='ltr'><strong>nobis</strong></span> 
     </span>
     <span class='ocr_line' id='line_1_24' title="bbox 218 1527 1357 1572; baseline -0.001 -10"><span class='ocrx_word' id='word_1_175' title='bbox 218 1543 297 1563; x_wconf 88' lang='lat' dir='ltr'><strong>cum</strong></span> <span class='ocrx_word' id='word_1_176' title='bbox 325 1528 498 1561; x_wconf 83' lang='lat' dir='ltr'><strong>Samaritis</strong></span> <span class='ocrx_word' id='word_1_177' title='bbox 528 1541 641 1562; x_wconf 87' lang='lat' dir='ltr'><strong>sermo</strong></span> <span class='ocrx_word' id='word_1_178' title='bbox 674 1537 738 1567; x_wconf 88' lang='lat' dir='ltr'><strong>est,</strong></span> <span class='ocrx_word' id='word_1_179' title='bbox 771 1527 936 1572; x_wconf 87' lang='lat' dir='ltr'><strong>quoniam</strong></span> <span class='ocrx_word' id='word_1_180' title='bbox 969 1527 1108 1572; x_wconf 81' lang='lat' dir='ltr'><strong>quidem</strong></span> <span class='ocrx_word' id='word_1_181' title='bbox 1137 1529 1357 1562; x_wconf 85' lang='lat' dir='ltr'><strong>resurrectio-</strong></span> 
     </span>
     <span class='ocr_line' id='line_1_25' title="bbox 218 1588 1356 1634; baseline -0.001 -9"><span class='ocrx_word' id='word_1_182' title='bbox 218 1604 297 1625; x_wconf 90' lang='lat' dir='ltr'><strong>nem</strong></span> <span class='ocrx_word' id='word_1_183' title='bbox 321 1600 539 1623; x_wconf 85' lang='lat' dir='ltr'><strong>mortuorum</strong></span> <span class='ocrx_word' id='word_1_184' title='bbox 552 1599 687 1633; x_wconf 81' lang='lat' dir='ltr'><strong>negant,</strong></span> <span class='ocrx_word' id='word_1_185' title='bbox 711 1603 774 1623; x_wconf 90' lang='lat' dir='ltr'><strong>nec</strong></span> <span class='ocrx_word' id='word_1_186' title='bbox 792 1588 961 1634; x_wconf 87' lang='lat' dir='ltr'><strong>recipiunt</strong></span> <span class='ocrx_word' id='word_1_187' title='bbox 977 1590 1084 1622; x_wconf 86' lang='lat' dir='ltr'><strong>futuri</strong></span> <span class='ocrx_word' id='word_1_188' title='bbox 1099 1589 1225 1624; x_wconf 84' lang='lat' dir='ltr'><strong>saeculi</strong></span> <span class='ocrx_word' id='word_1_189' title='bbox 1240 1591 1356 1631; x_wconf 83' lang='lat' dir='ltr'><strong>fidem,</strong></span> 
     </span>
     <span class='ocr_line' id='line_1_26' title="bbox 216 1650 1355 1698; baseline 0 -12"><span class='ocrx_word' id='word_1_190' title='bbox 216 1665 459 1698; x_wconf 84' lang='lat' dir='ltr'><strong>perurgeamus</strong></span> <span class='ocrx_word' id='word_1_191' title='bbox 491 1665 548 1685; x_wconf 84' lang='lat' dir='ltr'><strong>eos</strong></span> <span class='ocrx_word' id='word_1_192' title='bbox 578 1665 615 1685; x_wconf 85' lang='lat' dir='ltr'><strong>ex</strong></span> <span class='ocrx_word' id='word_1_193' title='bbox 639 1652 678 1685; x_wconf 90' lang='lat' dir='ltr'><strong>iis</strong></span> <span class='ocrx_word' id='word_1_194' title='bbox 703 1651 830 1692; x_wconf 83' lang='lat' dir='ltr'><strong>verbis,</strong></span> <span class='ocrx_word' id='word_1_195' title='bbox 863 1653 987 1696; x_wconf 88' lang='lat' dir='ltr'><strong>quibus</strong></span> <span class='ocrx_word' id='word_1_196' title='bbox 1012 1650 1183 1685; x_wconf 86' lang='lat' dir='ltr'><strong>Dominus</strong></span> <span class='ocrx_word' id='word_1_197' title='bbox 1206 1651 1288 1685; x_wconf 85' lang='lat' dir='ltr'><strong>dicit</strong></span> <span class='ocrx_word' id='word_1_198' title='bbox 1311 1653 1355 1686; x_wconf 80' lang='lat' dir='ltr'><strong>ad</strong></span> 
     </span>
     <span class='ocr_line' id='line_1_27' title="bbox 216 1712 1354 1758; baseline 0 -11"><span class='ocrx_word' id='word_1_199' title='bbox 216 1715 360 1753; x_wconf 63' lang='lat' dir='ltr'><strong>Blosen,</strong></span> <span class='ocrx_word' id='word_1_200' title='bbox 385 1713 461 1758; x_wconf 86' lang='lat' dir='ltr'><strong>quia</strong></span> <span class='ocrx_word' id='word_1_201' title='bbox 489 1723 683 1758; x_wconf 84' lang='lat' dir='ltr'><strong>apponatur</strong></span> <span class='ocrx_word' id='word_1_202' title='bbox 706 1715 748 1747; x_wconf 86' lang='lat' dir='ltr'><strong>ad</strong></span> <span class='ocrx_word' id='word_1_203' title='bbox 773 1714 944 1758; x_wconf 89' lang='lat' dir='ltr'><strong>populum</strong></span> <span class='ocrx_word' id='word_1_204' title='bbox 968 1727 1079 1746; x_wconf 89' lang='lat' dir='ltr'><strong>suum.</strong></span> <span class='ocrx_word' id='word_1_205' title='bbox 1125 1714 1238 1746; x_wconf 82' lang='lat' dir='ltr'><strong>Nemo</strong></span> <span class='ocrx_word' id='word_1_206' title='bbox 1263 1712 1354 1747; x_wconf 87' lang='lat' dir='ltr'><strong>enim</strong></span> 
     </span>
     <span class='ocr_line' id='line_1_28' title="bbox 217 1766 1353 1821; baseline 0 -12"><span class='ocrx_word' id='word_1_207' title='bbox 217 1776 404 1821; x_wconf 88' lang='lat' dir='ltr'><strong>apponitur</strong></span> <span class='ocrx_word' id='word_1_208' title='bbox 429 1776 472 1808; x_wconf 80' lang='lat' dir='ltr'><strong>ad</strong></span> <span class='ocrx_word' id='word_1_209' title='bbox 498 1789 574 1816; x_wconf 85' lang='lat' dir='ltr'><strong>eos,</strong></span> <span class='ocrx_word' id='word_1_210' title='bbox 600 1776 658 1821; x_wconf 91' lang='lat' dir='ltr'><strong>qui</strong></span> <span class='ocrx_word' id='word_1_211' title='bbox 682 1789 754 1809; x_wconf 89' lang='lat' dir='ltr'><strong>non</strong></span> <span class='ocrx_word' id='word_1_212' title='bbox 779 1783 866 1808; x_wconf 88' lang='lat' dir='ltr'><strong>sunt.</strong></span> <span class='ocrx_word' id='word_1_213' title='bbox 913 1774 1018 1808; x_wconf 87' lang='lat' dir='ltr'><strong>Unde</strong></span> <span class='ocrx_word' id='word_1_214' title='bbox 1042 1784 1176 1809; x_wconf 85' lang='lat' dir='ltr'><strong>constat</strong></span> <span class='ocrx_word' id='word_1_215' title='bbox 1198 1766 1268 1809; x_wconf 81' lang='lat' dir='ltr'><strong>esse</strong></span> <span class='ocrx_word' id='word_1_216' title='bbox 1291 1775 1353 1809; x_wconf 83' lang='lat' dir='ltr'><strong>ali-</strong></span> 
     </span>
     <span class='ocr_line' id='line_1_29' title="bbox 215 1836 1353 1884; baseline -0.002 -12"><span class='ocrx_word' id='word_1_217' title='bbox 215 1851 317 1884; x_wconf 89' lang='lat' dir='ltr'><strong>quem</strong></span> <span class='ocrx_word' id='word_1_218' title='bbox 350 1837 540 1882; x_wconf 84' lang='lat' dir='ltr'><strong>populum‚</strong></span> <span class='ocrx_word' id='word_1_219' title='bbox 570 1838 626 1870; x_wconf 87' lang='lat' dir='ltr'><strong>cui</strong></span> <span class='ocrx_word' id='word_1_220' title='bbox 650 1837 764 1871; x_wconf 88' lang='lat' dir='ltr'><strong>Moses</strong></span> <span class='ocrx_word' id='word_1_221' title='bbox 787 1847 866 1882; x_wconf 89' lang='lat' dir='ltr'><strong>post</strong></span> <span class='ocrx_word' id='word_1_222' title='bbox 890 1837 975 1870; x_wconf 81' lang='lat' dir='ltr'><strong>vitae</strong></span> <span class='ocrx_word' id='word_1_223' title='bbox 999 1836 1100 1882; x_wconf 86' lang='lat' dir='ltr'><strong>hujus</strong></span> <span class='ocrx_word' id='word_1_224' title='bbox 1120 1838 1244 1871; x_wconf 81' lang='lat' dir='ltr'><strong>exitum</strong></span> <span class='ocrx_word' id='word_1_225' title='bbox 1269 1837 1353 1871; x_wconf 88' lang='lat' dir='ltr'><strong>dici-</strong></span> 
     </span>
     <span class='ocr_line' id='line_1_30' title="bbox 214 1898 1352 1944; baseline -0.001 -11"><span class='ocrx_word' id='word_1_226' title='bbox 214 1910 271 1933; x_wconf 85' lang='lat' dir='ltr'><strong>tur</strong></span> <span class='ocrx_word' id='word_1_227' title='bbox 301 1899 535 1944; x_wconf 86' lang='lat' dir='ltr'><strong>applicandus.</strong></span> <span class='ocrx_word' id='word_1_228' title='bbox 591 1898 682 1943; x_wconf 83' lang='lat' dir='ltr'><strong>Quia</strong></span> <span class='ocrx_word' id='word_1_229' title='bbox 706 1911 785 1941; x_wconf 84' lang='lat' dir='ltr'><strong>ergo</strong></span> <span class='ocrx_word' id='word_1_230' title='bbox 810 1898 988 1944; x_wconf 86' lang='lat' dir='ltr'><strong>prophetis</strong></span> <span class='ocrx_word' id='word_1_231' title='bbox 1019 1912 1092 1931; x_wconf 87' lang='lat' dir='ltr'><strong>non</strong></span> <span class='ocrx_word' id='word_1_232' title='bbox 1117 1900 1260 1932; x_wconf 83' lang='lat' dir='ltr'><strong>credunt</strong></span> <span class='ocrx_word' id='word_1_233' title='bbox 1283 1899 1352 1933; x_wconf 89' lang='lat' dir='ltr'><strong>Sa-</strong></span> 
     </span>
     <span class='ocr_line' id='line_1_31' title="bbox 214 1960 1351 2006; baseline 0 -12"><span class='ocrx_word' id='word_1_234' title='bbox 214 1961 365 2001; x_wconf 83' lang='lat' dir='ltr'><strong>maritae,</strong></span> <span class='ocrx_word' id='word_1_235' title='bbox 391 1974 429 1994; x_wconf 86' lang='lat' dir='ltr'><strong>ex</strong></span> <span class='ocrx_word' id='word_1_236' title='bbox 454 1962 577 2005; x_wconf 86' lang='lat' dir='ltr'><strong>quibus</strong></span> <span class='ocrx_word' id='word_1_237' title='bbox 600 1969 715 2006; x_wconf 88' lang='lat' dir='ltr'><strong>posset</strong></span> <span class='ocrx_word' id='word_1_238' title='bbox 738 1960 993 1994; x_wconf 81' lang='lat' dir='ltr'><strong>resurrectionis</strong></span> <span class='ocrx_word' id='word_1_239' title='bbox 1010 1969 1229 1993; x_wconf 86' lang='lat' dir='ltr'><strong>mortuorum</strong></span> <span class='ocrx_word' id='word_1_240' title='bbox 1252 1961 1351 1994; x_wconf 86' lang='lat' dir='ltr'><strong>latius</strong></span> 
     </span>
     <span class='ocr_line' id='line_1_32' title="bbox 215 2022 1352 2068; baseline 0.001 -13"><span class='ocrx_word' id='word_1_241' title='bbox 215 2023 298 2057; x_wconf 79' lang='lat' dir='ltr'><strong>fides</strong></span> <span class='ocrx_word' id='word_1_242' title='bbox 323 2022 519 2068; x_wconf 87' lang='lat' dir='ltr'><strong>approbari,</strong></span> <span class='ocrx_word' id='word_1_243' title='bbox 544 2036 582 2055; x_wconf 88' lang='lat' dir='ltr'><strong>ex</strong></span> <span class='ocrx_word' id='word_1_244' title='bbox 605 2022 644 2056; x_wconf 89' lang='lat' dir='ltr'><strong>iis</strong></span> <span class='ocrx_word' id='word_1_245' title='bbox 667 2023 783 2055; x_wconf 84' lang='lat' dir='ltr'><strong>saltem</strong></span> <span class='ocrx_word' id='word_1_246' title='bbox 800 2022 907 2056; x_wconf 86' lang='lat' dir='ltr'><strong>Mosis</strong></span> <span class='ocrx_word' id='word_1_247' title='bbox 930 2022 1045 2063; x_wconf 86' lang='lat' dir='ltr'><strong>libris,</strong></span> <span class='ocrx_word' id='word_1_248' title='bbox 1067 2035 1153 2067; x_wconf 86' lang='lat' dir='ltr'><strong>quos</strong></span> <span class='ocrx_word' id='word_1_249' title='bbox 1171 2022 1352 2068; x_wconf 85' lang='lat' dir='ltr'><strong>recipiunt,</strong></span> 
     </span>
    </p>
   </div>
   <div class='ocr_carea' id='block_1_3' title="bbox 214 2083 1350 2129">
    <p class='ocr_par' dir='ltr' id='par_1_3' title="bbox 214 2083 1350 2129">
     <span class='ocr_line' id='line_1_33' title="bbox 214 2083 1350 2129; baseline 0.001 -12"><span class='ocrx_word' id='word_1_250' title='bbox 214 2093 248 2117; x_wconf 81' lang='lat' dir='ltr'><strong>et</strong></span> <span class='ocrx_word' id='word_1_251' title='bbox 282 2098 430 2129; x_wconf 86' lang='lat' dir='ltr'><strong>quorum</strong></span> <span class='ocrx_word' id='word_1_252' title='bbox 466 2084 703 2118; x_wconf 81' lang='lat' dir='ltr'><strong>auctoritatem</strong></span> <span class='ocrx_word' id='word_1_253' title='bbox 739 2085 904 2125; x_wconf 86' lang='lat' dir='ltr'><strong>fatentur,</strong></span> <span class='ocrx_word' id='word_1_254' title='bbox 944 2083 1172 2118; x_wconf 84' lang='lat' dir='ltr'><strong>convincendi</strong></span> <span class='ocrx_word' id='word_1_255' title='bbox 1204 2092 1284 2118; x_wconf 88' lang='lat' dir='ltr'><strong>sunt</strong></span> <span class='ocrx_word' id='word_1_256' title='bbox 1317 2093 1350 2118; x_wconf 89' lang='lat' dir='ltr'><strong>et</strong></span> 
     </span>
    </p>
   </div>
   <div class='ocr_carea' id='block_1_4' title="bbox 307 2212 1133 2310">
    <p class='ocr_par' dir='ltr' id='par_1_4' title="bbox 307 2212 1133 2310">
     <span class='ocr_line' id='line_1_34' title="bbox 310 2212 1098 2257; baseline 0.006 -14"><span class='ocrx_word' id='word_1_257' title='bbox 310 2213 344 2256; x_wconf 79' lang='grc' dir='ltr'><strong>ι)</strong></span> <span class='ocrx_word' id='word_1_258' title='bbox 369 2212 476 2246; x_wconf 84' lang='lat' dir='ltr'><strong>Marc.</strong></span> <span class='ocrx_word' id='word_1_259' title='bbox 499 2214 593 2254; x_wconf 84' lang='lat' dir='ltr'><strong>XIV,</strong></span> <span class='ocrx_word' id='word_1_260' title='bbox 616 2215 670 2248; x_wconf 80' lang='lat'><strong>21.</strong></span> <span class='ocrx_word' id='word_1_261' title='bbox 767 2213 803 2257; x_wconf 84' lang='lat'><strong>²)</strong></span> <span class='ocrx_word' id='word_1_262' title='bbox 827 2215 906 2247; x_wconf 91' lang='lat' dir='ltr'><strong>Luc.</strong></span> <span class='ocrx_word' id='word_1_263' title='bbox 931 2213 1041 2254; x_wconf 80' lang='lat' dir='ltr'><strong>XVII,</strong></span> <span class='ocrx_word' id='word_1_264' title='bbox 1069 2215 1098 2248; x_wconf 83' lang='lat'><strong>2.</strong></span> 
     </span>
     <span class='ocr_line' id='line_1_35' title="bbox 307 2269 1133 2310; baseline 0.002 -9"><span class='ocrx_word' id='word_1_265' title='bbox 307 2269 344 2310; x_wconf 76' lang='lat'><strong>3)</strong></span> <span class='ocrx_word' id='word_1_266' title='bbox 367 2269 470 2302; x_wconf 77' lang='lat' dir='ltr'><strong>Num.</strong></span> <span class='ocrx_word' id='word_1_267' title='bbox 496 2269 629 2309; x_wconf 87' lang='lat' dir='ltr'><strong>XXXI,</strong></span> <span class='ocrx_word' id='word_1_268' title='bbox 651 2270 682 2303; x_wconf 81' lang='grc'><strong>2.</strong></span> <span class='ocrx_word' id='word_1_269' title='bbox 1130 2282 1133 2283; x_wconf 66' lang='grc'>’</span> 
     </span>
    </p>
   </div>
   <div class='ocr_carea' id='block_1_5' title="bbox 1401 0 1427 2460">
    <p class='ocr_par' dir='ltr' id='par_1_5' title="bbox 1401 0 1427 2460">
     <span class='ocr_line' id='line_1_36' title="bbox 1401 0 1427 2460; baseline 0 0"><span class='ocrx_word' id='word_1_270' title='bbox 1401 0 1427 2460; x_wconf 95' lang='lat' dir='ltr'><strong> </strong></span> 
     </span>
    </p>
   </div>
  </div>
 </body>
</html>
