1427 2460
203 62 271 98 130
319 76 321 78 -
692 59 869 92 Omessms

205 151 309 194 animi
332 149 484 184 habitare
508 149 653 183 virtutes.
702 149 791 183 Sunt
815 162 894 192 ergo
919 148 1018 182 multi
1042 149 1155 193 putei,
1187 162 1274 194 quos
1297 150 1349 184 di-

204 215 313 248 ximus
338 225 407 247 esse
440 211 530 244 intra
563 211 723 245 animam.
767 211 869 245 vSunt
899 221 931 244 et
955 210 1011 244 alii
1034 209 1193 256 plurimi,
1231 211 1350 256 quiin

206 275 344 318 singulis
369 273 562 318 quibusque
586 273 841 318 Scripturarum
856 272 1081 306 ·sermonibus
1113 271 1348 315 intelliguntur

207 348 239 370 et
262 336 424 370 sensibus.
471 335 533 369 Est
555 343 670 368 tamen
695 334 900 368 emi'nentior
923 335 1041 368 ceteris
1065 333 1128 367 iste
1150 343 1291 379 puteus,
1315 343 1349 368 et

206 398 364 438 eximius,
399 398 449 430 de-
473 410 543 442 quo
578 396 615 429 in
641 396 810 441 praesenti
833 397 914 429 loco
940 396 1116 441 Scriptura
1141 396 1240 437 dicit,
1271 396 1350 442 quia

206 459 357 494 foderint
386 472 465 493 eum
497 472 571 492 non
604 458 800 503 quicunque
832 470 1033 491 communes
1067 458 1245 498 homines,
1289 459 1349 492 sed

206 521 377 568 principes
402 530 435 554 et
458 521 572 553 adhuc
596 521 722 555 horum
744 519 979 560 sublimiores,
1004 533 1090 565 quos
1114 534 1207 564 reges
1231 521 1350 566 appel-

206 584 297 619 lavit.
342 584 493 627 Propter
519 583 614 627 quod
640 591 671 614 et
703 582 848 629 hymnus
881 580 1013 614 canitur
1036 582 1114 615 Deo
1140 583 1233 627 apud
1256 582 1350 615 hunc

207 646 353 678 eundem
379 654 532 689 puteum.
578 644 624 677 Et
646 644 729 677 ideo
751 643 915 687 scriptum
941 652 1004 677 est:
1038 643 1204 687 ,‚v:ide‚¹)
1229 643 1351 688 inquit,

207 708 250 740 ad
274 711 450 756 puteumst‘
516 705 582 739 Hic
608 715 656 739 est
678 715 821 750 puteus,
861 719 963 750 quem
997 705 1079 739 dixit
1110 704 1283 738 Dominus
1307 706 1351 738 ad

205 769 350 802 Mosen:
373 765 612 811 ‚‚congrega²)
635 769 815 812 populum,
840 776 872 799 et
897 767 988 800 dabo
1012 767 1052 800 iis
1068 779 1192 812 aquam
1218 767 1350 811 depu-

205 840 272 870 teo,
297 830 380 863 dixit
404 829 608 864 Dominus.“
639 829 754 863 Moses
778 841 984 870 congregare
1006 829 1144 875 jubetui
1166 829 1350 873 populum,

206 901 245 925 ut
271 891 450 925 conveniat
474 893 517 925 ad
540 900 697 935 puteum,
721 899 753 923 et
776 890 872 923 bibat
895 903 1030 935 aquam.
1084 890 1209 923 Mosen
1233 898 1349 923 autem

207 953 315 996 legem
339 953 447 998 accipi
469 954 595 986 debere
618 965 720 997 saepe
744 952 962 986 ostendimus.
1009 952 1076 985 Lex
1099 964 1179 994 ergo
1199 952 1267 985 Dei
1292 960 1351 992 est,

209 1027 297 1059 quae
318 1024 352 1048 te
377 1023 565 1054 convocat,
606 1023 645 1047 ut
668 1014 712 1047 ad
735 1023 879 1058 puteum
904 1013 1094 1047 convenias.
1143 1013 1259 1058 Quem
1282 1027 1348 1059 pu-

206 1086 311 1116 teum,
332 1076 396 1109 nisi
419 1077 537 1116 illum,
568 1077 612 1109 (le
636 1089 707 1120 quo
730 1089 833 1120 supra
859 1076 1011 1116 diximus,
1034 1076 1154 1109 Jesum
1173 1075 1353 1110 ’Christum

206 1137 317 1171 filium
340 1137 424 1178 Dei,
446 1138 588 1182 propria
614 1137 753 1182 quidem
776 1136 962 1170 substantia
987 1136 1243 1178 subsistentem,
1268 1150 1348 1170 ‘uno
1401 1157 1409 1163 ,

207 1209 322 1232 tamen
347 1212 425 1232 curn
450 1198 552 1232 Patre
591 1209 622 1232 et
646 1198 777 1244 Spiritu
808 1208 925 1232 sancto
949 1198 1094 1232 Deitatis
1118 1200 1214 1232 fonte
1235 1198 1352 1232 nomi—

207 1260 349 1295 natum?
394 1261 451 1294 Ad
474 1260 568 1294 hunc
593 1274 672 1303 ergo
695 1270 856 1306 puteum,
878 1261 915 1294 id
940 1270 1005 1300 est,
1031 1262 1074 1294 ad
1098 1261 1203 1295 fidem
1227 1261 1354 1297 Christi

206 1335 270 1356 nos
294 1331 463 1355 convocat
485 1323 547 1355 lex.
594 1322 672 1367 Ipse
696 1323 788 1355 enim
815 1321 956 1365 dixit,3)
987 1322 1067 1366 quia
1090 1322 1205 1356 Moses
1230 1323 1274 1356 de
1295 1335 1353 1356 me
1394 1339 1399 1343 ·

207 1383 349 1428 scripsit.
397 1383 445 1416 Ut
468 1383 551 1428 quid
575 1397 639 1417 nos
665 1382 856 1416 convocat?
902 1383 950 1416 Ut
980 1382 1139 1417 bibamus
1161 1397 1295 1429 aquam,
1319 1393 1352 1418 et

208 1454 382 1478 cantemus
407 1443 438 1477 ei
464 1444 650 1477 canticum:
674 1444 741 1477 hoc
766 1453 824 1486 est,
851 1445 958 1478 corde
982 1446 1161 1479 credamus
1186 1446 1230 1478 ad
1253 1443 1349 1490 justi-

207 1507 298 1546 tiam,
323 1515 355 1539 et
380 1518 441 1539 ore
465 1506 692 1539 confiteamur
716 1507 759 1540 ad
782 1508 935 1540 salutem.

295 1569 328 1602 2.
356 1567 577 1611 ‚‚Initiate,⁴)
601 1567 728 1613 inquit,
751 1568 801 1602 illi
824 1573 1000 1614 putemn.“
1052 1568 1119 1602 Hic
1143 1577 1192 1603 est
1213 1581 1348 1602 sensus:

206 1629 358 1669 initium,
383 1629 444 1669 ait,
476 1629 633 1663 omnium
653 1630 797 1674 puteum
821 1630 959 1675 ponite,
994 1629 1081 1664 sicut
1105 1639 1138 1664 et
1163 1631 1348 1675 Apostolus

207 1691 300 1731 dicit,
324 1690 401 1736 quia
424 1691 496 1735 ipse
521 1700 568 1725 est
589 1690 830 1737 „principium,
845 1693 883 1737 ⁵)
906 1702 940 1726 et
961 1692 1209 1738 primogenitus
1235 1692 1347 1726 omnis

206 1757 395 1793 creaturae,
428 1762 461 1786 et
491 1752 527 1786 in
559 1752 633 1797 ipso
668 1763 879 1803 creata-sunt
903 1754 1052 1788 omnia.“
1108 1755 1242 1788 Initiate
1266 1767 1347 1797 ergo

206 1813 234 1846 ei
255 1824 408 1858 puteum,
433 1815 500 1848 hoc
526 1814 584 1854 est,
607 1814 739 1849 initium
765 1816 923 1849 omnium
946 1816 1161 1850 confitemini
1189 1829 1259 1850 esse
1282 1830 1348 1862 pu·
1395 1842 1398 1846 ·

204 1885 308 1910 teum.
356 1875 472 1909 Potest
498 1884 609 1908 autem
636 1886 666 1909 et
691 1877 758 1910 hoc
791 1880 898 1912 modo
923 1877 1084 1921 intelligi,
1106 1888 1144 1912 ut
1166 1880 1269 1912 verba
1295 1879 1348 1912 di-

204 1936 264 1978 rigi
289 1937 469 1970 videantur
494 1950 531 1970 ex
555 1951 702 1982 persona
727 1939 835 1973 Mosis
860 1941 904 1974 ad
927 1940 1111 1986 populum,
1136 1939 1348 1974 cohortantis

205 2005 237 2028 et
261 1996 420 2031 dicentis:
453 2000 531 2032 date
552 1999 687 2033 initium
713 2001 811 2035 cordi
836 2012 964 2043 vestro,
997 2011 1037 2036 ut
1059 2001 1201 2048 incipiat
1223 2001 1349 2037 intelli-

299 2136 334 2179 ¹)
358 2124 429 2169 Cfr.
454 2137 555 2171 Num.
580 2138 677 2178 XXI,
707 2141 759 2176 16.
783 2153 876 2186 seqq.

297 2191 338 2234 ²),
357 2192 458 2225 Num.
485 2193 580 2233 XXI,
608 2195 659 2230 16.
755 2196 793 2240 ³)
816 2196 906 2230 Edd.
932 2197 1091 2230 Men-lini:
1116 2196 1206 2231 dicit.

295 2247 333 2290 ⁴)
357 2248 460 2283 Num.
484 2249 579 2290 XXI,
606 2251 657 2285 17.
755 2253 792 2296 ⁵)
818 2251 951 2288 Coloss.
975 2252 1002 2292 I,
1027 2253 1078 2288 15.
1104 2252 1158 2288 16.
