1427 2460
196 98 265 134 362
680 95 858 128 Ontssnms

197 202 284 235 quae
308 199 443 221 necesse
468 194 514 218 est
536 185 652 218 venire
663 196 946 229 unumquemque
958 192 1164 223 sanctorum,
1188 193 1224 216 ut
1235 183 1335 217 etiam
1380 182 1388 191 ⁴

196 265 259 297 per
283 252 376 289 haec,
401 260 502 293 quam
527 247 680 292 perfecte
704 255 737 279 et
759 246 815 290 pie
840 247 883 279 de
906 246 985 279 Deo
1010 244 1146 286 sentiat,
1172 257 1334 287 agnosca-

196 323 261 346 tur.
311 312 393 344 Post
414 311 497 343 haee
521 308 589 353 jam
615 309 748 341 venitur
763 308 963 353 Gelmon¹)
986 306 1216 348 Deblathaim,
1239 307 1335 352 quod

194 375 439 418 interpretatur
463 380 653 405 contemtus
676 371 818 410 ficuum,
841 370 877 404 id
902 380 960 412 est,
983 370 1044 403 ubi
1068 379 1337 403 contemnuntur

197 446 231 469 et
274 433 509 480 despiciuntur
558 432 692 478 penitus
735 442 879 466 terrena.
958 433 1031 466 Nisi
1078 432 1169 465 enim
1223 440 1335 477 spreta

195 497 324 530 fuerint
348 505 380 529 et
403 503 574 528 contemta
599 507 648 534 ea,
680 507 768 539 quae
792 495 960 528 delectare
988 494 1145 528 videntur
1168 494 1203 527 in
1227 493 1335 535 terris,

198 561 242 593 ad
266 557 422 592 coelestia
445 556 588 589 transire
611 569 684 590 nou
706 570 896 601 possumus.
943 555 1105 601 Sequitur
1136 555 1225 589 enim
1257 563 1336 600 post

197 622 283 654 haec
312 620 444 653 mansio
469 618 612 651 Abarim
644 628 762 652 contra
786 620 930 659 Nabau,
962 619 1057 663 quod
1088 627 1136 652 est
1165 618 1334 651 transitus.

198 684 323 718 Nabau
353 694 433 714 vero
466 680 633 714 abscessio
663 681 914 725 interpretatur.
961 680 1032 713 Ubi
1064 679 1153 712 enim
1183 692 1245 725 per
1275 679 1335 713 has

199 758 319 779 omnes
343 743 479 776 virtutes
507 743 571 775 iter
600 742 703 786 egerit
727 743 855 784 anima,
881 752 914 776 et
937 742 980 775 ad
1003 742 1226 787 summum²)
1255 755 1334 788 per·

199 805 356 841 fectionis
381 804 604 844 adscenderit,
628 804 747 838 transit
768 804 836 850 jam
863 805 907 838 de
928 804 1086 844 saeculo,
1111 812 1144 837 et
1166 804 1332 838 abscedit:

196 870 280 903 sicut
302 866 467 912 scriptum
492 876 538 901 est
567 868 611 900 de
633 867 750 900 Enoc:
773 866 873 910 „et³)
896 879 966 899 non
991 865 1236 906 inveniebatur,
1255 865 1334 911 quia

196 930 413 964 transtulerat
437 942 515 961 eum
539 929 666 962 Deus.“
712 928 820 972 Quod
846 928 907 961 etsi
939 926 1092 961 videatur
1122 941 1191 962 esse
1221 927 1335 962 adhuc

196 993 232 1026 in
256 991 404 1033 saeculo,
430 989 487 1035 qui
512 989 711 1036 hujusmodi
735 999 793 1031 est,
819 999 850 1022 et
861 990 895 1023 in
910 1002 1012 1022 carne
1035 988 1198 1030 habitare,
1220 999 1334 1023 tamen

197 1068 269 1088 non
293 1052 493 1088 invenietur.
542 1052 580 1084 In
605 1064 674 1096 quo
714 1064 787 1084 non
818 1050 1031 1084 invenietur?
1069 1051 1108 1084 In
1133 1051 1230 1085 nullo
1256 1060 1334 1084 actu

198 1115 372 1154 saeculari,
398 1115 432 1147 in
457 1113 552 1146 nulla
575 1126 612 1147 re
638 1113 776 1153 carnali,
801 1113 834 1145 in
860 1113 957 1145 nullo
983 1111 1158 1157 colloquio
1182 1112 1334 1146 vanitatis

198 1179 377 1212 invenitur.
425 1176 615 1208 Transtulit
638 1175 728 1208 enirn
755 1188 831 1208 eum
856 1174 951 1207 Deus
975 1174 1017 1206 ab
1042 1174 1091 1214 iis,
1116 1183 1147 1207 et
1164 1187 1233 1208 esse
1255 1174 1334 1208 fecit

196 1242 233 1274 in
265 1239 403 1283 regione
433 1239 607 1271 virtutum.
655 1236 783 1270 Ultima
821 1236 954 1270 mansio
994 1245 1043 1270 est
1078 1237 1122 1269 ab
1156 1236 1336 1270 occidente

197 1303 306 1336 Moab
329 1300 419 1347 juxta
435 1299 634 1333 Jordanem.
661 1298 785 1333 Omnis
795 1311 945 1344 namque
967 1298 1023 1331 hic
1048 1311 1163 1332 cursus
1178 1308 1336 1343 propter-

198 1379 237 1399 ea
261 1364 379 1407 agitur,
403 1371 436 1396 et
465 1371 648 1406 propterea
679 1360 838 1399 curritur,
860 1370 898 1393 ut
916 1360 1134 1405 perveniatur
1148 1361 1191 1394 ad
1206 1360 1334 1394 flumen

196 1427 282 1467 Dei,
305 1435 344 1458 ut
368 1422 515 1470 proximi
539 1422 729 1456 efficiamur
752 1422 886 1455 fluentis
907 1421 1107 1466 sapientiae,
1131 1431 1164 1456 et
1186 1421 1336 1465 rigemur

197 1489 299 1522 undis
323 1485 483 1520 scientiae
508 1484 658 1518 din’nae:
693 1494 729 1517 ut
751 1483 798 1518 sic
821 1496 883 1528 per
909 1483 1023 1516 omnia
1048 1483 1235 1528 purificati,
1266 1494 1333 1518 ter-

199 1564 271 1585 ram
298 1545 570 1593 repromissionis
602 1559 795 1579 mereamur
823 1546 961 1579 intrare.
1010 1546 1104 1579 Haec
1127 1545 1264 1580 interim
1291 1547 1335 1580 de

198 1610 387 1645 israeliticis
413 1607 648 1642 mansionibus
671 1609 859 1641 secundum
890 1620 999 1639 unum
1031 1608 1227 1652 exponendi
1258 1622 1336 1642 mo-

199 1677 282 1708 dum
304 1673 342 1706 in
373 1680 568 1704 transcursu
599 1670 838 1714 perstringere,
871 1678 972 1713 atque
1003 1669 1038 1702 in
1068 1669 1221 1704 medium
1251 1684 1335 1716 pro-

198 1738 287 1770 ferre
311 1732 496 1779 potuimus.

290 1797 340 1832 13.
389 1795 518 1827 Verum
543 1807 586 1826 ne
610 1792 810 1838 hujusmodi
841 1792 1024 1837 expositio,
1055 1806 1142 1838 quae
1171 1807 1235 1839 per
1264 1795 1334 1828 He-

198 1861 383 1892 braeorum
420 1856 570 1897 linguam
603 1854 683 1898 et4)
721 1854 903 1888 nominum
940 1855 1177 1897 significantias
1214 1857 1334 1898 currit,

297 2064 332 2109 ¹)
355 2063 445 2097 Edd.
472 2062 628 2095 Mer-lini:
653 2061 830 2103 „Gelmon
856 2061 898 2094 de
921 2060 1126 2094 Blathaim.“
1174 2060 1331 2104 Vulgata:

202 2107 620 2152 „Helmondeblathaim.‘⁶
668 2106 738 2140 Cfr.
764 2108 867 2140 Num.
891 2106 1055 2146 XXXIII,
1078 2106 1132 2141 46.
1157 2106 1210 2140 47.

294 2167 331 2209 ²)
354 2165 444 2198 Edd.
468 2163 624 2196 Merlini:
648 2175 817 2196 summam
842 2162 1070 2207 perfectionis.

294 2222 330 2265 3)
357 2220 479 2252 Genes.
505 2219 547 2260 V,
568 2221 623 2254 24.

295 2277 332 2321 ⁴)
356 2275 580 2311 Desideratur
603 2280 678 2317 „et“
701 2275 736 2309 in
762 2276 838 2308 edd.
863 2274 911 2308 M.
