1427 2460
215 97 283 133 318
701 95 877 130 Omessms

303 189 336 223 2.
362 185 551 220 Considera
574 199 668 220 nunc
691 185 877 232 praesentis
901 185 1026 219 saeculi
1048 194 1188 227 statum,
1221 197 1252 221 et
1277 189 1353 222 vide

218 251 332 285 omnia
357 249 453 283 bellis
477 249 618 294 repleta,
643 261 850 293 omnemque
874 248 1058 282 humanam
1077 248 1178 282 vitam
1202 249 1352 284 invisibi-
1397 288 1401 298 ἱ

214 313 303 346 libus
331 310 486 356 proeliis,
520 320 552 343 et
581 310 896 355 impugnationibus
927 312 1136 343 daemonum
1159 313 1351 356 perurgeri:

212 375 249 408 in
274 373 406 419 populo
430 385 511 405 vero
536 371 604 404 Dei
628 383 697 404 esse
721 373 887 416 quosdam
916 371 962 404 ita
994 373 1153 406 robustos
1181 373 1267 414 fide,
1298 388 1352 407 ar-

212 445 393 479 matosque
415 433 610 473 virtutibus,
640 442 679 466 ut
703 434 880 466 adversum
906 426 1103 480 hujusmodi
1127 434 1239 468 hostes
1265 448 1352 480 quo-

211 497 295 531 tidie
317 497 407 529 bella
438 494 638 534 conficiant,
670 504 703 527 et
732 508 868 541 semper
890 495 926 528 in
951 497 1131 541 procinctu
1155 497 1257 542 positi
1278 510 1351 530 non

211 560 323 593 solum
355 566 459 591 semet
488 556 596 601 ipsos,
627 557 686 590 sed
711 566 857 596 ceteros,
890 556 947 601 qui
974 557 1025 590 vel
1049 571 1111 603 per
1133 571 1265 599 sexum,
1297 560 1351 592 vel

210 635 273 666 per
297 629 456 659 aetatem,
488 619 540 651 vel
570 631 633 663 per
655 618 820 651 servitutis
846 618 1078 652 conditionem
1103 633 1254 665 pugnare
1277 635 1348 654 non

209 691 361 728 possunt,
387 681 428 714 ab
454 679 601 714 hostium
627 689 787 713 tueantur
808 679 947 720 insidiis,
972 682 1075 714 verbo
1098 682 1275 715 doctrinae
1291 696 1349 716 eos

210 744 437 788 exemploque
466 742 553 775 vitae
584 751 618 776 et
650 741 962 776 commonitionum
985 743 1162 776 sedulitate
1186 744 1346 778 munien-

209 816 271 839 tes:
304 805 331 839 si
364 814 476 837 tamen
507 817 579 836 non
612 804 696 837 desit
725 803 764 837 iis
795 803 888 836 fides.
938 803 1015 837 Sive
1039 804 1129 837 enim
1154 806 1346 846 bellatores,

208 868 276 902 sive
299 867 463 905 imbelles,
486 865 696 910 impossibile
719 875 766 898 est
789 865 907 898 salvari
933 865 1003 898 sine
1027 866 1105 900 fide.
1141 867 1232 900 Inter
1255 867 1345 912 ipsos

206 939 322 963 tamen
344 929 543 966 bellatores,
568 941 626 961 eos
651 929 830 966 duntaxat,
855 927 912 972 qui
935 927 1080 961 militant
1104 928 1201 968 Deo,
1232 929 1343 962 consi-

207 993 288 1025 dera
312 990 394 1023 alios
417 988 461 1022 ita
486 1001 554 1022 esse
578 998 715 1033 paratos
741 997 772 1021 et
797 989 986 1033 expeditos,
1019 998 1055 1022 ut
1084 989 1187 1023 nullis
1215 1003 1251 1024 se
1280 991 1345 1023 im-

205 1050 379 1098 plicent¹)
405 1050 546 1083 omnino
571 1050 712 1092 negotiis
737 1052 974 1090 saecularibus,
996 1060 1034 1083 ut
1055 1052 1190 1095 placere
1213 1051 1345 1096 possint

207 1114 256 1154 ei,
287 1111 339 1146 cui
369 1125 404 1145 se
434 1112 685 1156 probaverunt,
717 1113 774 1145 sed
799 1112 834 1144 in
859 1113 931 1155 lege
954 1112 1023 1146 Dei
1046 1112 1202 1146 meditari
1227 1113 1282 1146 die
1305 1126 1344 1147 ac

205 1185 316 1210 nocte.
361 1173 418 1207 Isti
443 1186 533 1216 ergo,
558 1172 617 1218 qui
639 1172 836 1219 hujusmodi
860 1183 955 1214 sunt,
979 1187 1111 1207 summa
1135 1175 1341 1209 bellatorum

204 1238 429 1284 appellantur.
476 1234 638 1279 Denique
660 1248 733 1267 non
765 1244 812 1268 est
842 1234 970 1268 dictum
1003 1236 1046 1269 de
1074 1237 1254 1270 ,communi
1277 1251 1343 1270 nu-

203 1313 300 1334 mero
324 1299 545 1337 bellatorum,
578 1295 656 1341 quia
679 1310 782 1330 nemo
806 1297 843 1330 in
866 1296 904 1330 iis
938 1295 1107 1339 dissensit,
1138 1300 1197 1333 sed
1229 1300 1272 1333 de
1300 1298 1340 1333 iis

204 1362 334 1396 dietum
365 1369 429 1400 est,
460 1359 518 1403 qui
552 1372 685 1392 summa
716 1359 922 1392 bellatorum
953 1359 1122 1393 nominati
1153 1370 1241 1394 sunt.
1297 1360 1338 1394 In

201 1425 269 1458 istis
294 1422 382 1456 enim
409 1420 466 1466 qui
489 1420 572 1453 tales
594 1429 688 1459 sunt,
712 1421 806 1453 nulla
831 1420 1011 1461 dissensio,
1035 1422 1131 1455 nulla
1155 1421 1336 1456 discordia.

201 1485 269 1532 Ipsi
294 1484 384 1518 enim
406 1491 484 1516 sunt
507 1481 576 1521 isti,
601 1482 644 1514 de
668 1481 791 1526 quibus
816 1482 944 1515 dictum
971 1491 1034 1516 est:
1059 1483 1199 1528 „erat²)
1223 1493 1336 1518 autem

201 1546 412 1581 credentium
435 1557 495 1577 cor
522 1552 554 1576 et
577 1542 690 1576 anima
715 1556 800 1584 una,
830 1557 895 1577 nec
924 1543 1100 1589 quisquam
1127 1558 1248 1578 eorum
1272 1546 1334 1580 ali-

200 1609 284 1655 quid
305 1607 485 1653 proprium
510 1605 652 1642 dicebat,
676 1605 735 1638 sed
760 1615 855 1638 erant
877 1605 942 1639 illis
968 1606 1082 1639 omnia
1107 1608 1335 1642 communia.“

197 1672 255 1705 Isti
277 1679 354 1706 sunt
377 1681 456 1709 ergo
481 1679 613 1700 summa
634 1667 852 1708 bellatorum,
876 1666 912 1700 in
937 1667 1060 1712 quibus
1082 1681 1186 1702 nemo
1209 1669 1338 1704 dissen-

197 1733 249 1767 sit.
295 1731 352 1765 Isti
375 1737 470 1769 sunt,
494 1728 552 1774 qui
577 1728 651 1763 auri
672 1729 862 1773 plurimum
885 1731 1072 1774 pugnando
1098 1741 1278 1776 ceperunt,
1302 1741 1336 1765 et

197 1808 300 1829 omne
323 1806 443 1827 aurum
468 1800 569 1836 atque
593 1790 699 1824 omne‘
721 1800 977 1831 ornamentum,
1007 1792 1075 1825 sive
1099 1792 1235 1837 capitis,
1264 1793 1332 1826 sive

195 1856 428 1894 brachiorum,
450 1853 518 1886 sive
542 1853 643 1886 etiam
668 1851 863 1894 digitorum,
886 1853 922 1886 id
945 1862 1002 1894 est,
1026 1853 1195 1899 quidquid
1217 1853 1254 1887 in
1277 1855 1332 1888 in-

193 1917 399 1955 tellectibus,
429 1915 592 1960 quicquid
621 1914 657 1947 in
688 1914 849 1959 operibns
879 1915 1025 1955 habent,
1055 1914 1134 1948 Deo
1167 1916 1329 1949 offerunt.

194 1979 315 2014 Sciunt
337 1978 447 2017 enim,
479 1977 559 2021 quia
581 1989 724 2010 munera
747 1974 817 2021 ejus
850 1977 928 2010 data
959 1975 1029 2022 ejus
1057 1985 1152 2017 sunt,
1185 1986 1218 2010 et
1247 1975 1328 2010 ideo

192 2054 266 2075 non
289 2038 439 2075 dissentit
460 2038 497 2071 in
520 2037 558 2072 iis
581 2051 645 2072 nec
670 2051 768 2074 unus.
814 2038 888 2072 Nec
912 2039 1002 2073 enim
1025 2047 1166 2083 possent
1183 2051 1327 2072 munera

284 2223 319 2267 1)
344 2222 414 2256 cfr.
439 2223 470 2254 11
493 2223 582 2257 Tim.
606 2224 649 2265 11,
672 2226 705 2260 4.

282 2278 320 2322 2)
344 2281 415 2312 Act.
442 2279 497 2319 1v,
520 2279 572 2315 32.
