1427 2460
198 70 264 105 170
669 69 844 104 Omssnms

196 159 340 205 Spiritus
371 160 437 193 Dei
469 173 570 204 super
601 158 744 204 aliquem
778 160 1040 204 prophetarum:
1074 160 1132 192 sed
1156 168 1213 192 aut
1235 159 1328 201 visin,

195 221 420 266 quainwidin
450 230 508 254 aut
530 221 688 255 assumtio
717 221 811 254 verbi
835 221 920 261 Dei,
952 221 1056 265 aut¹)
1087 221 1153 255 Dei
1183 222 1326 254 verbum

193 285 321 317 sactum
346 292 394 316 est
416 283 598 322 adinum,
628 283 680 315 vel
712 284 755 315 ad
789 283 907 323 illum,
944 293 976 317 et
999 283 1063 316 alia
1092 283 1258 327 quaedam
1269 263 1327 316 qe

193 345 370 389 prophetis
393 345 543 386 legimus.
589 345 734 378 Factum
757 358 838 378 vero
864 358 931 380 esse
955 345 1118 390 Spiritum
1134 345 1202 378 Dei
1225 357 1328 389 super

196 406 343 451 aliquem
367 408 633 452 prophetarum,
664 406 778 449 legisse
809 420 864 440 me
876 407 913 451 ²)
943 408 985 440 ad
1011 420 1166 453 praesens
1189 406 1330 440 interim*

174 477 268 501 ‘non
291 470 467 510 recordor,
491 470 553 504 nisi
577 470 620 502 de
642 469 755 502 David
779 469 825 501 ita
848 467 1010 514 scriptum
1035 468 1195 502 memini:
1222 477 1276 509 „et
1287 466 1326 512 ³)
1378 495 1385 506 f,

195 531 361 575 apparuit,
383 530 451 564 sive
473 531 582 565 illuxit
605 530 749 576 Spiritus
773 530 840 563 Dei
869 544 970 576 super
993 531 1106 564 David
1137 544 1155 564 a
1181 531 1235 565 die
1258 531 1327 571 illa,

194 602 226 626 et
257 592 452 638 deinceps:“
486 607 559 627 non
591 597 705 626 tamen
734 594 841 627 factus
877 602 926 626 est
955 592 1099 638 Spiritus
1129 593 1196 626 Dei
1224 605 1328 638 super

194 655 314 689 David.
361 655 415 688 De
439 655 521 688 Saul
546 669 626 689 vero
649 657 694 690 ita
718 654 858 688 memini
889 655 1069 699 scriptum:
1100 664 1154 695 „et
1165 655 1204 698 ⁴)
1234 642 1325 687 deci-

194 718 251 750 det
275 717 421 761 Spiritus
450 717 595 751 Domini
624 731 727 763 super
749 727 798 757 te,
830 726 862 749 et
893 716 1111 761 prophetabis
1136 730 1213 750 cum
1237 715 1326 762 ipsis,

192 788 224 812 et
247 779 450 812 converteris
474 781 509 813 iu
535 781 643 814 virum
669 781 844 814 alterum.“
897 779 942 812 Et
971 779 1093 812 iterum
1126 780 1169 813 de
1203 781 1325 813 eodem

192 841 335 874 dicitur:
361 841 462 886 ,‚et⁵)
487 842 633 887 Spiritus
656 841 801 875 Domini
825 840 972 874 discessit
994 853 1013 873 a
1038 842 1132 881 Saul,
1156 851 1189 874 et
1201 841 1237 885 6)
1263 843 1326 875 ob-

189 903 366 947 stupefecit
390 917 465 937 eum
489 903 624 949 spiritus
647 904 814 944 malignus
837 916 854 935 a
881 902 1069 936 Domino.“
1117 902 1162 936 Et
1182 902 1326 936 iterum:

191 965 293 1008 „et⁷)
316 966 444 998 factum
469 974 532 1006 est,
562 979 639 998 cum
671 974 755 998 esset
777 964 911 1009 spiritus
932 965 1040 997 malus
1064 965 1107 997 ad
1132 966 1233 1007 Saul,
1264 966 1325 999 ad-

190 1027 308 1061 sumsit
328 1027 442 1060 David
465 1027 672 1072 psalterium,
697 1035 729 1058 et
752 1027 917 1071 psallebat
939 1026 975 1058 in
997 1027 1155 1060 manibus
1180 1027 1266 1068 suis,
1291 1037 1325 1061 et

188 1089 418 1134 percutiebat,
443 1098 475 1122 et
498 1098 568 1121 erat
590 1089 723 1122 bonum
749 1088 795 1128 ei,
821 1098 852 1121 et
875 1088 1067 1121 discedebat
1092 1090 1134 1122 ab
1159 1103 1200 1123 eo
1225 1090 1324 1134 spiri-

188 1160 242 1184 tus
266 1150 468 1192 malignus.“
518 1149 613 1183 Haec
635 1163 701 1194 pro
727 1162 785 1189 eo,
822 1151 916 1194 quod
947 1149 1100 1183 medium
1131 1160 1243 1197 potest
1271 1153 1322 1186 ‘vi-

189 1212 262 1246 deri
286 1213 373 1252 hoc,
411 1213 505 1256 quod
535 1212 698 1257 scriptum
730 1221 796 1245 cst:
831 1211 933 1254 ‚,et⁸)
963 1213 1069 1246 sactus
1100 1223 1147 1247 est
1177 1214 1323 1259 Spiritus

187 1274 334 1308 Domini
357 1273 459 1318 supes*
482 1278 592 1307 eum.“
636 1274 785 1318 Propter
808 1275 902 1318 quod
928 1283 960 1307 et
981 1288 1044 1308 nos
1064 1277 1251 1310 secundum
1277 1291 1324 1319 ea,

188 1335 276 1381 quae
297 1336 473 1381 superiore
495 1346 639 1369 tractatu
661 1348 888 1376 senseramus,
924 1337 1025 1369 etiam
1056 1351 1150 1370 nunc
1172 1339 1207 1371 in
1232 1339 1322 1372 Pha-

188 1399 393 1437 risaeorum,
429 1407 461 1430 et
490 1397 695 1436 scribarum,
731 1397 838 1441 iisque
867 1397 1026 1430 similium
1057 1412 1204 1443 persona
1229 1401 1322 1433 hunc

186 1461 297 1504 ipsum
322 1459 463 1491 Balaam
489 1460 653 1504 explicare
684 1459 896 1493 conabimur.
951 1460 1020 1492 Sed
1052 1474 1109 1503 age
1139 1460 1207 1506 jam
1238 1476 1322 1507 pro-

175 1521 323 1566 phetiae
347 1520 417 1567 ejus
440 1522 551 1560 verba,
578 1534 664 1565 quae
679 1531 820 1554 assumta
843 1522 1007 1566 parabola
1025 1535 1084 1555 sua
1107 1522 1223 1557 dixisse
1240 1525 1319 1558 scri—

187 1583 289 1623 bitur,
312 1584 493 1616 videamus.
542 1583 611 1622 „Ex
623 1582 659 1626 ⁹)
684 1582 943 1627 Mesopotamia,
967 1583 1087 1628 inquit,
1111 1585 1241 1618 vocavit
1263 1600 1319 1619 me

186 1645 315 1678 Balach
339 1657 394 1677 rex
418 1645 536 1684 Moab,
562 1657 599 1676 ex
626 1645 799 1677 montibus
825 1644 994 1677 orientisf·
1031 1645 1317 1690 Mesopotamiam

187 1707 267 1741 dicit
286 1716 422 1748 terram,
448 1719 534 1751 quae
558 1706 645 1739 inter
668 1705 808 1739 flumina
825 1707 1037 1753 Babyloniae
1060 1706 1156 1753 jacet,
1178 1711 1221 1743 de
1241 1710 1317 1755 qui-

277 1814 315 1859 1>
337 1815 428 1848 Edd.
454 1813 609 1846 Merlini:
634 1822 691 1845 aut
710 1814 851 1846 verbum
876 1812 952 1845 Dei,

278 1874 316 1917 ²)
339 1871 444 1904 Deest
467 1874 565 1910 ‚‚me“
588 1869 621 1901 in
647 1870 700 1903 ed.
723 1869 841 1902 Ruaei.

276 1927 314 1970 ³)
338 1928 354 1960 I
378 1927 469 1959 Sam.
494 1926 587 1963 XVI,
614 1926 667 1960 13.
692 1926 725 1969 (I
750 1925 872 1968 chg.)

276 1983 315 2026 ⁴¹)
338 1983 351 2013 I
377 1984 468 2016 Sam.
494 1982 538 2021 X,
562 1982 593 2016 6.
618 1982 652 2025 (I
677 1981 797 2025 Regg.)

278 2039 313 2082 5)
337 2039 351 2070 1
376 2039 468 2074 sam.
491 2038 584 2078 xw,
608 2038 659 2071 14.
683 2038 717 2081 (1
741 2037 862 2080 Regg.)

276 2092 313 2137 ⁰)
338 2093 561 2127 Desideratur
583 2098 657 2133 „et‘¹
682 2094 716 2126 in
742 2094 793 2126 ed.
821 2093 924 2126 Ruaei

278 2150 312 2191 ⁷>
336 2150 351 2180 I
376 2150 465 2182 sam.
493 2150 588 2189 XVI,
610 2152 663 2184 23.
687 2150 721 2194 (ῐ
746 2149 867 2192 Regg.)

275 2206 312 2249 Β)
337 2207 438 2238 Num.
462 2205 592 2244 XXlH,
614 2206 644 2239 6.

278 2263 314 2305 ⁹)
338 2263 438 2295 Num.
462 2260 592 2300 XXIII,
615 2261 644 2294 7.
